@Manual{R-JM,
  title = {JM: Joint Modeling of Longitudinal and Survival Data},
  author = {Dimitris Rizopoulos},
  year = {2017},
  note = {R package version 1.4-7},
  url = {https://CRAN.R-project.org/package=JM},
}
@Manual{R-nlme,
  title = {nlme: Linear and Nonlinear Mixed Effects Models},
  author = {Jos√© Pinheiro and Douglas Bates and {R-core}},
  year = {2017},
  note = {R package version 3.1-131},
  url = {https://CRAN.R-project.org/package=nlme},
}
@Manual{R-survival,
  title = {survival: Survival Analysis},
  author = {Terry M Therneau},
  year = {2017},
  note = {R package version 2.41-3},
  url = {https://CRAN.R-project.org/package=survival},
}
