
@article{baumeier_hepatic_2017,
  title = {Hepatic {{{\emph{DPP4}}}} {{DNA Methylation Associates With Fatty Liver}}},
  volume = {66},
  issn = {0012-1797, 1939-327X},
  doi = {10.2337/db15-1716},
  language = {en},
  timestamp = {2017-06-16T13:49:14Z},
  number = {1},
  urldate = {2017-06-16},
  journal = {Diabetes},
  author = {Baumeier, Christian and Saussenthaler, Sophie and Kammel, Anne and J?hnert, Markus and Schl?ter, Luisa and Hesse, Deike and Canouil, Micka?l and Lobbens, Stephane and Caiazzo, Robert and Raverdy, Violeta and Pattou, Fran?ois and Nilsson, Emma and Pihlajam?ki, Jussi and Ling, Charlotte and Froguel, Philippe and Sch?rmann, Annette and Schwenk, Robert W.},
  month = jan,
  year = {2017},
  pages = {25--35}
}

@article{carrat_decreased_2017,
  title = {Decreased {{STARD10 Expression Is Associated}} with {{Defective Insulin Secretion}} in {{Humans}} and {{Mice}}},
  volume = {100},
  issn = {00029297},
  doi = {10.1016/j.ajhg.2017.01.011},
  language = {en},
  timestamp = {2017-06-16T13:49:22Z},
  number = {2},
  urldate = {2017-06-16},
  journal = {The American Journal of Human Genetics},
  author = {Carrat, Gaelle R. and Hu, Ming and Nguyen-Tu, Marie-Sophie and Chabosseau, Pauline and Gaulton, Kyle J. and {van de Bunt}, Martijn and Siddiq, Afshan and Falchi, Mario and Thurner, Matthias and Canouil, Micka{\"e}l and Pattou, Francois and Leclerc, Isabelle and Pullen, Timothy J. and Cane, Matthew C. and Prabhala, Priyanka and Greenwald, William and Schulte, Anke and Marchetti, Piero and Ibberson, Mark and MacDonald, Patrick E. and Manning Fox, Jocelyn E. and Gloyn, Anna L. and Froguel, Philippe and Solimena, Michele and McCarthy, Mark I. and Rutter, Guy A.},
  month = feb,
  year = {2017},
  pages = {238--256}
}

@article{bonnefond_relationship_2017,
  title = {Relationship between Salivary/Pancreatic Amylase and Body Mass Index: A Systems Biology Approach},
  volume = {15},
  issn = {1741-7015},
  shorttitle = {Relationship between Salivary/Pancreatic Amylase and Body Mass Index},
  doi = {10.1186/s12916-017-0784-x},
  language = {en},
  timestamp = {2017-06-16T13:49:28Z},
  number = {1},
  urldate = {2017-06-16},
  journal = {BMC Medicine},
  author = {Bonnefond, Am?lie and Yengo, Lo?c and Dechaume, Aur?lie and Canouil, Micka?l and Castelain, Maxime and Roger, Estelle and Allegaert, Fr?d?ric and Caiazzo, Robert and Raverdy, Violeta and Pigeyre, Marie and Arredouani, Abdelilah and Borys, Jean-Michel and L?vy-Marchal, Claire and Weill, Jacques and Roussel, Ronan and Balkau, Beverley and Marre, Michel and Pattou, Fran?ois and Brousseau, Thierry and Froguel, Philippe},
  month = dec,
  year = {2017}
}

@article{ndiaye_expression_2017,
  title = {Expression and Functional Assessment of Candidate Type 2 Diabetes Susceptibility Genes Identify Four New Genes Contributing to Human Insulin Secretion},
  issn = {22128778},
  doi = {10.1016/j.molmet.2017.03.011},
  language = {en},
  timestamp = {2017-06-16T13:49:35Z},
  urldate = {2017-06-16},
  journal = {Molecular Metabolism},
  author = {Ndiaye, Fatou K. and Ortalli, Ana and Canouil, Micka{\"e}l and Huyvaert, Marl{\`e}ne and Salazar-Cardozo, Clara and Lecoeur, C{\'e}cile and Verbanck, Marie and Pawlowski, Val{\'e}rie and Boutry, Rapha{\"e}l and Durand, Emmanuelle and Rabearivelo, Iandry and Sand, Olivier and Marselli, Lorella and Kerr-Conte, Julie and Chandra, Vikash and Scharfmann, Rapha{\"e}l and Poulain-Godefroy, Odile and Marchetti, Piero and Pattou, Fran{\c c}ois and Abderrahmani, Amar and Froguel, Philippe and Bonnefond, Am{\'e}lie},
  month = apr,
  year = {2017}
}


