
@article{lee_analysis_2014,
  title = {On the {{Analysis}} of a {{Repeated Measure Design}} in {{Genome}}-{{Wide Association Analysis}}},
  volume = {11},
  doi = {10.3390/ijerph111212283},
  language = {en},
  timestamp = {2015-02-24T16:03:38Z},
  number = {12},
  urldate = {2015-02-12},
  journal = {International Journal of Environmental Research and Public Health},
  author = {Lee, Young and Park, Suyeon and Moon, Sanghoon and Lee, Juyoung and Elston, Robert C. and Lee, Woojoo and Won, Sungho},
  month = nov,
  year = {2014},
  keywords = {cross-sectional data,Health Examinee (HEXA) cohort,Korean Association Resource (KARE) cohort,longitudinal data},
  pages = {12283--12303}
}

@article{wei_functional_2014,
  title = {Functional {{Logistic Regression Approach}} to {{Detecting Gene}} by {{Longitudinal Environmental Exposure Interaction}} in a {{Case}}-{{Control Study}}},
  volume = {38},
  issn = {1098-2272},
  doi = {10.1002/gepi.21852},
  language = {en},
  timestamp = {2015-02-12T15:11:58Z},
  number = {7},
  urldate = {2015-02-12},
  journal = {Genetic Epidemiology},
  author = {Wei, Peng and Tang, Hongwei and Li, Donghui},
  year = {2014},
  keywords = {functional data analysis,gene-environment interaction,GWAS,longitudinal exposure,measurement error},
  pages = {638--651}
}

@article{warrington_robustness_2014,
  title = {Robustness of the Linear Mixed Effects Model to Error Distribution Assumptions and the Consequences for Genome-Wide Association Studies},
  volume = {13},
  timestamp = {2015-02-12T15:12:38Z},
  number = {5},
  urldate = {2015-02-12},
  journal = {Statistical Applications in Genetics and Molecular Biology},
  author = {Warrington, Nicole M. and Tilling, Kate and Howe, Laura D. and Paternoster, Lavinia and Pennell, Craig E. and Wu, Yan Yan and Briollais, Laurent},
  month = oct,
  year = {2014},
  pages = {567--587}
}

@article{xia_detecting_2014,
  title = {Detecting Longitudinal Effects of Haplotypes and Smoking on Hypertension Using {{B}}-Splines and {{Bayesian LASSO}}},
  volume = {8},
  issn = {1753-6561},
  doi = {10.1186/1753-6561-8-S1-S85},
  language = {en},
  timestamp = {2015-02-05T15:25:23Z},
  number = {Suppl 1},
  urldate = {2015-01-27},
  journal = {BMC Proceedings},
  author = {Xia, Shuang and Lin, Shili},
  month = jun,
  year = {2014},
  pages = {S85}
}

@article{hu_association_2014,
  title = {Association Analysis of Whole Genome Sequencing Data Accounting for Longitudinal and Family Designs},
  volume = {8},
  issn = {1753-6561},
  doi = {10.1186/1753-6561-8-S1-S89},
  language = {en},
  timestamp = {2015-02-05T15:25:23Z},
  number = {Suppl 1},
  urldate = {2015-01-27},
  journal = {BMC Proceedings},
  author = {Hu, Yijuan and Hui, Qin and Sun, Yan V.},
  month = jun,
  year = {2014},
  pages = {S89}
}

@article{tan_hierarchical_2014,
  title = {Hierarchical Linear Modeling of Longitudinal Pedigree Data for Genetic Association Analysis},
  volume = {8},
  issn = {1753-6561},
  doi = {10.1186/1753-6561-8-S1-S82},
  language = {en},
  timestamp = {2015-02-05T15:25:23Z},
  number = {Suppl 1},
  urldate = {2015-01-27},
  journal = {BMC Proceedings},
  author = {Tan, Qihua and Hjelmborg, Jacob V. B. and Thomassen, Mads and Jensen, Andreas K. and Christiansen, Lene and Christensen, Kaare and Zhao, Jing H. and Kruse, Torben A.},
  month = jun,
  year = {2014},
  pages = {S82}
}

@article{beyene_longitudinal_2014,
  title = {Longitudinal {{Data Analysis}} in {{Genome}}-{{Wide Association Studies}}},
  volume = {38},
  issn = {1098-2272},
  doi = {10.1002/gepi.21828},
  language = {en},
  timestamp = {2015-02-05T15:25:23Z},
  number = {S1},
  urldate = {2015-01-27},
  journal = {Genetic Epidemiology},
  author = {Beyene, Joseph and Hamid, Jemila S.},
  month = sep,
  year = {2014},
  pages = {S68--S73}
}

@article{houwing-duistermaat_gene_2014,
  title = {Gene Analysis for Longitudinal Family Data Using Random-Effects Models},
  volume = {8},
  issn = {1753-6561},
  doi = {10.1186/1753-6561-8-S1-S88},
  language = {en},
  timestamp = {2015-02-05T15:25:23Z},
  number = {Suppl 1},
  urldate = {2015-01-27},
  journal = {BMC Proceedings},
  author = {Houwing-Duistermaat, Jeanine J. and Helmer, Quinta and Balliu, Bruna and van den Akker, Erik and Tsonaka, Roula and Uh, Hae-Won},
  month = jun,
  year = {2014},
  pages = {S88}
}

@article{wu_mixed-effects_2014,
  title = {Mixed-Effects Models for Joint Modeling of Sequence Data in Longitudinal Studies},
  volume = {8},
  issn = {1753-6561},
  doi = {10.1186/1753-6561-8-S1-S92},
  language = {en},
  timestamp = {2015-02-05T15:25:23Z},
  number = {Suppl 1},
  urldate = {2015-01-27},
  journal = {BMC Proceedings},
  author = {Wu, Yan Y. and Briollais, Laurent},
  month = jun,
  year = {2014},
  pages = {S92}
}

@article{hossain_analysis_2014,
  title = {Analysis of Baseline, Average, and Longitudinally Measured Blood Pressure Data Using Linear Mixed Models},
  volume = {8},
  issn = {1753-6561},
  doi = {10.1186/1753-6561-8-S1-S80},
  language = {en},
  timestamp = {2015-02-05T15:25:23Z},
  number = {Suppl 1},
  urldate = {2015-01-27},
  journal = {BMC Proceedings},
  author = {Hossain, Ahmed and Beyene, Joseph},
  month = jun,
  year = {2014},
  pages = {S80}
}

@article{musolf_mapping_2014,
  title = {Mapping Genes with Longitudinal Phenotypes via {{Bayesian}} Posterior Probabilities},
  volume = {8},
  issn = {1753-6561},
  doi = {10.1186/1753-6561-8-S1-S81},
  language = {en},
  timestamp = {2015-02-05T15:25:23Z},
  number = {Suppl 1},
  urldate = {2015-01-27},
  journal = {BMC Proceedings},
  author = {Musolf, Anthony and Nato, Alejandro Q. and Londono, Douglas and Zhou, Lisheng and Matise, Tara C. and Gordon, Derek},
  month = jun,
  year = {2014},
  pages = {S81}
}

@article{vaitsiakhovich_analysis_2014,
  title = {Analysis of the Progression of Systolic Blood Pressure Using Imputation of Missing Phenotype Values},
  volume = {8},
  issn = {1753-6561},
  doi = {10.1186/1753-6561-8-S1-S83},
  language = {en},
  timestamp = {2015-02-05T15:25:23Z},
  number = {Suppl 1},
  urldate = {2015-01-27},
  journal = {BMC Proceedings},
  author = {Vaitsiakhovich, Tatsiana and Drichel, Dmitriy and Angisch, Marina and Becker, Tim and Herold, Christine and Lacour, Andr{\'e}},
  month = jun,
  year = {2014},
  pages = {S83}
}

@article{liu_penalized_2014,
  title = {Penalized Multivariate Linear Mixed Model for Longitudinal Genome-Wide Association Studies},
  volume = {8},
  issn = {1753-6561},
  doi = {10.1186/1753-6561-8-S1-S73},
  language = {en},
  timestamp = {2015-02-05T15:25:23Z},
  number = {Suppl 1},
  urldate = {2015-01-27},
  journal = {BMC Proceedings},
  author = {Liu, Jin and Huang, Jian and Ma, Shuangge},
  month = jun,
  year = {2014},
  pages = {S73}
}

@article{wang_comparing_2014,
  title = {Comparing Baseline and Longitudinal Measures in Association Studies},
  volume = {8},
  issn = {1753-6561},
  doi = {10.1186/1753-6561-8-S1-S84},
  language = {en},
  timestamp = {2015-02-05T15:25:23Z},
  number = {Suppl 1},
  urldate = {2015-01-27},
  journal = {BMC Proceedings},
  author = {Wang, Shuai and Gao, Wei and Ngwa, Julius and Allard, Catherine and Liu, Ching-Ti and Cupples, L. A.},
  month = jun,
  year = {2014},
  pages = {S84}
}

@article{choi_prediction_2014,
  title = {Prediction of Hypertension Based on the Genetic Analysis of Longitudinal Phenotypes: A Comparison of Different Modeling Approaches for the Binary Trait of Hypertension},
  volume = {8},
  issn = {1753-6561},
  shorttitle = {Prediction of Hypertension Based on the Genetic Analysis of Longitudinal Phenotypes},
  doi = {10.1186/1753-6561-8-S1-S78},
  language = {en},
  timestamp = {2015-02-05T15:25:23Z},
  number = {Suppl 1},
  urldate = {2015-01-27},
  journal = {BMC Proceedings},
  author = {Choi, Yun-Hee and Chowdhury, Rafiqul and Swaminathan, Balakumar},
  month = jun,
  year = {2014},
  pages = {S78}
}

@article{chen_multi-level_2014,
  title = {A Multi-Level Model for Analyzing Whole Genome Sequencing Family Data with Longitudinal Traits},
  volume = {8},
  issn = {1753-6561},
  doi = {10.1186/1753-6561-8-S1-S86},
  language = {en},
  timestamp = {2015-02-05T15:25:23Z},
  number = {Suppl 1},
  urldate = {2015-01-27},
  journal = {BMC Proceedings},
  author = {Chen, Taoye and Santawisook, Patchara and Wu, Zheyang},
  month = jun,
  year = {2014},
  pages = {S86}
}

@article{peng_genetic_2015,
  title = {Genetic {{Data Simulators}} and Their {{Applications}}: {{An Overview}}},
  volume = {39},
  issn = {1098-2272},
  shorttitle = {Genetic {{Data Simulators}} and Their {{Applications}}},
  doi = {10.1002/gepi.21876},
  language = {en},
  timestamp = {2015-02-05T15:25:23Z},
  number = {1},
  urldate = {2015-01-27},
  journal = {Genetic Epidemiology},
  author = {Peng, Bo and Chen, Huann-Sheng and Mechanic, Leah E. and Racine, Ben and Clarke, John and Gillanders, Elizabeth and Feuer, Eric J.},
  month = jan,
  year = {2015},
  pages = {2--10}
}

@article{sitlani_generalized_2015,
  title = {Generalized Estimating Equations for Genome-Wide Association Studies Using Longitudinal Phenotype Data},
  volume = {34},
  issn = {1097-0258},
  doi = {10.1002/sim.6323},
  language = {en},
  timestamp = {2015-02-05T15:25:23Z},
  number = {1},
  urldate = {2015-01-27},
  journal = {Statistics in Medicine},
  author = {Sitlani, Colleen M. and Rice, Kenneth M. and Lumley, Thomas and McKnight, Barbara and Cupples, L. Adrienne and Avery, Christy L. and Noordam, Raymond and Stricker, Bruno H. C. and Whitsel, Eric A. and Psaty, Bruce M.},
  year = {2015},
  keywords = {GEE,gene-environment interaction,GWAS,longitudinal data,rare genetic variants},
  pages = {118--130}
}

@article{xu_longitudinal_2014,
  title = {Longitudinal {{Analysis Is More Powerful}} than {{Cross}}-{{Sectional Analysis}} in {{Detecting Genetic Association}} with {{Neuroimaging Phenotypes}}},
  volume = {9},
  doi = {10.1371/journal.pone.0102312},
  timestamp = {2015-02-05T15:25:23Z},
  number = {8},
  urldate = {2015-01-27},
  journal = {PLoS ONE},
  author = {Xu, Zhiyuan and Shen, Xiaotong and Pan, Wei and {for the Alzheimer's Disease Neuroimaging Initiative}},
  month = aug,
  year = {2014},
  pages = {e102312}
}

@article{shin_statistical_2015,
  title = {Statistical Power for Identifying Nucleotide Markers Associated with Quantitative Traits in Genome-Wide Association Analysis Using a Mixed Model},
  volume = {105},
  issn = {0888-7543},
  doi = {10.1016/j.ygeno.2014.11.001},
  timestamp = {2015-02-05T15:25:23Z},
  number = {1},
  urldate = {2015-01-27},
  journal = {Genomics},
  author = {Shin, Jimin and Lee, Chaeyoung},
  month = jan,
  year = {2015},
  keywords = {Heritability,Mixed model,Simulation,Statistical power},
  pages = {1--4}
}

@article{owzar_power_2012,
  title = {Power and {{Sample Size Calculations}} for {{SNP Association Studies With Censored Time}}-to-{{Event Outcomes}}},
  volume = {36},
  issn = {1098-2272},
  doi = {10.1002/gepi.21645},
  language = {en},
  timestamp = {2015-02-26T10:13:11Z},
  number = {6},
  urldate = {2015-01-27},
  journal = {Genetic Epidemiology},
  author = {Owzar, Kouros and Li, Zhiguo and Cox, Nancy and Jung, Sin-Ho},
  month = sep,
  year = {2012},
  pages = {538--548}
}

@article{mccrink_advances_2013,
  title = {Advances in {{Joint Modelling}}: {{A Review}} of {{Recent Developments}} with {{Application}} to the {{Survival}} of {{End Stage Renal Disease Patients}}: {{Advances}} in {{Joint Modelling}}},
  volume = {81},
  issn = {03067734},
  shorttitle = {Advances in {{Joint Modelling}}},
  doi = {10.1111/insr.12018},
  language = {en},
  timestamp = {2015-03-23T14:33:05Z},
  number = {2},
  urldate = {2015-03-23},
  journal = {International Statistical Review},
  author = {McCrink, Lisa M. and Marshall, Adele H. and Cairns, Karen J.},
  month = aug,
  year = {2013},
  pages = {249--269}
}

@article{wu_longitudinal_2014,
  title = {Longitudinal {{Data Analysis}} for {{Genetic Studies}} in the {{Whole}}-{{Genome Sequencing Era}}},
  volume = {38},
  issn = {1098-2272},
  doi = {10.1002/gepi.21829},
  language = {en},
  timestamp = {2015-02-24T16:08:52Z},
  number = {S1},
  urldate = {2015-02-24},
  journal = {Genetic Epidemiology},
  author = {Wu, Zheyang and Hu, Yijuan and Melton, Phillip E.},
  month = sep,
  year = {2014},
  keywords = {family studies,longitudinal data,rare variants,repeat measurements,whole-genome sequencing},
  pages = {S74--S80}
}

@article{sikorska_fast_2013,
  title = {Fast Linear Mixed Model Computations for Genome-Wide Association Studies with Longitudinal Data},
  volume = {32},
  issn = {1097-0258},
  doi = {10.1002/sim.5517},
  language = {en},
  timestamp = {2015-02-24T16:26:58Z},
  number = {1},
  urldate = {2015-02-24},
  journal = {Statistics in Medicine},
  author = {Sikorska, Karolina and Rivadeneira, Fernando and Groenen, Patrick J.F. and Hofman, Albert and Uitterlinden, Andr{\'e} G. and Eilers, Paul H.C. and Lesaffre, Emmanuel},
  month = jan,
  year = {2013},
  keywords = {conditional linear mixed model,genome-wide association,longitudinal studies},
  pages = {165--180}
}

@article{furlotte_genome-wide_2012,
  title = {Genome-{{Wide Association Mapping With Longitudinal Data}}},
  volume = {36},
  issn = {1098-2272},
  doi = {10.1002/gepi.21640},
  language = {en},
  timestamp = {2015-02-24T16:27:13Z},
  number = {5},
  urldate = {2015-02-24},
  journal = {Genetic Epidemiology},
  author = {Furlotte, Nicholas A. and Eskin, Eleazar and Eyheramendy, Susana},
  month = jul,
  year = {2012},
  keywords = {genome-wide association,longitudinal,mixed-model,statistical genetics},
  pages = {463--471}
}

@article{tu_power_2004,
  title = {Power Analyses for Longitudinal Trials and Other Clustered Designs},
  volume = {23},
  issn = {1097-0258},
  doi = {10.1002/sim.1869},
  language = {en},
  timestamp = {2015-02-26T10:12:01Z},
  number = {18},
  urldate = {2015-02-26},
  journal = {Statistics in Medicine},
  author = {Tu, X. M. and Kowalski, J. and Zhang, J. and Lynch, K. G. and Crits-Christoph, P.},
  month = sep,
  year = {2004},
  keywords = {epidemiological study,GEE,HIV,intraclass correlation,linear mixed-effects models,psychosocial and survey research},
  pages = {2799--2815}
}

@article{sikorska_gwas_2015,
  title = {{{GWAS}} with Longitudinal Phenotypes: Performance of Approximate Procedures},
  issn = {1018-4813},
  shorttitle = {{{GWAS}} with Longitudinal Phenotypes},
  doi = {10.1038/ejhg.2015.1},
  language = {en},
  timestamp = {2015-02-26T07:14:44Z},
  urldate = {2015-02-25},
  journal = {European Journal of Human Genetics},
  author = {Sikorska, Karolina and Montazeri, Nahid Mostafavi and Uitterlinden, Andr{\'e} and Rivadeneira, Fernando and Eilers, Paul HC and Lesaffre, Emmanuel},
  month = feb,
  year = {2015}
}

@article{tu_power_2007,
  title = {Power Analyses for Longitudinal Study Designs with Missing Data},
  volume = {26},
  issn = {1097-0258},
  doi = {10.1002/sim.2773},
  language = {en},
  timestamp = {2015-02-26T10:12:22Z},
  number = {15},
  urldate = {2015-02-26},
  journal = {Statistics in Medicine},
  author = {Tu, X. M. and Zhang, J. and Kowalski, J. and Shults, J. and Feng, C. and Sun, W. and Tang, W.},
  month = jul,
  year = {2007},
  keywords = {asymptotic distribution,generalized estimating equations,linear mixed-effects model,Markov process,missing at random},
  pages = {2958--2981}
}

@article{lu_impact_2009,
  title = {On the {{Impact}} of {{Parametric Assumptions}} and {{Robust Alternatives}} for {{Longitudinal Data Analysis}}},
  volume = {51},
  issn = {1521-4036},
  doi = {10.1002/bimj.200800186},
  language = {en},
  timestamp = {2015-02-26T10:12:25Z},
  number = {4},
  urldate = {2015-02-26},
  journal = {Biometrical Journal},
  author = {Lu, Naiji and Tang, Wan and He, Hua and Yu, Qin and Crits-Christoph, Paul and Zhang, Hui and Tu, Xin},
  month = aug,
  year = {2009},
  keywords = {Augmented weighted generalized estimating equations,Double robust estimate,missing at random,Surrogacy assumption,Weighted generalized estimating equations},
  pages = {627--643}
}

@misc{world_health_organization_diabetes_2015,
  title = {Diabetes {{Fact}} Sheet {{No}} 312},
  timestamp = {2015-03-16T08:46:18Z},
  author = {World Health Organization},
  year = {2015}
}

@article{bouatia-naji_polymorphism_2008,
  title = {A Polymorphism within the {{G6PC2}} Gene Is Associated with Fasting Plasma Glucose Levels},
  volume = {320},
  issn = {1095-9203},
  doi = {10.1126/science.1156849},
  language = {eng},
  timestamp = {2016-02-18T09:35:36Z},
  number = {5879},
  journal = {Science (New York, N.Y.)},
  author = {Bouatia-Naji, Nabila and Rocheleau, Ghislain and Van Lommel, Leentje and Lemaire, Katleen and Schuit, Frans and Cavalcanti-Proen{\c c}a, Christine and Marchand, Marion and Hartikainen, Anna-Liisa and Sovio, Ulla and De Graeve, Franck and Rung, Johan and Vaxillaire, Martine and Tichet, Jean and Marre, Michel and Balkau, Beverley and Weill, Jacques and Elliott, Paul and Jarvelin, Marjo-Riitta and Meyre, David and Polychronakos, Constantin and Dina, Christian and Sladek, Robert and Froguel, Philippe},
  month = may,
  year = {2008},
  keywords = {Alleles,Blood Glucose,Body mass index,Diabetes Mellitus; Type 2,Fasting,Female,Genetic Predisposition to Disease,Glucose-6-Phosphatase,Humans,Insulin,Insulin-Secreting Cells,Introns,Linear Models,Male,Meta-Analysis as Topic,Polymorphism; Single Nucleotide},
  pages = {1085--1088},
  pmid = {18451265}
}

@article{tsiatis_joint_2004,
  title = {Joint Modeling of Longitudinal and Time-to-Event Data: An Overview},
  volume = {14},
  shorttitle = {Joint Modeling of Longitudinal and Time-to-Event Data},
  timestamp = {2015-03-16T08:54:36Z},
  journal = {Statistica Sinica},
  author = {Tsiatis, Anastasios A. and Davidian, Marie},
  year = {2004},
  pages = {809--834}
}

@article{chen_sample_2011,
  title = {Sample Size and Power Determination in Joint Modeling of Longitudinal and Survival Data},
  volume = {30},
  issn = {1097-0258},
  doi = {10.1002/sim.4263},
  language = {en},
  timestamp = {2015-03-16T09:13:31Z},
  number = {18},
  urldate = {2015-03-16},
  journal = {Statistics in Medicine},
  author = {Chen, Liddy M. and Ibrahim, Joseph G. and Chu, Haitao},
  month = aug,
  year = {2011},
  keywords = {joint modeling,longitudinal data,power determination,repeated measurements,sample size,Survival Analysis},
  pages = {2295--2309}
}

@article{sousa_review_2011,
  title = {A Review on Joint Modelling of Longitudinal Measurements and Time-to-Event},
  volume = {9},
  timestamp = {2015-03-19T08:42:05Z},
  number = {1},
  urldate = {2015-03-19},
  journal = {Revstat},
  author = {Sousa, In{\^e}s},
  year = {2011},
  pages = {57--81}
}

@article{das_dynamic_2011,
  title = {A Dynamic Model for Genome-Wide Association Studies},
  volume = {129},
  issn = {0340-6717, 1432-1203},
  doi = {10.1007/s00439-011-0960-6},
  language = {en},
  timestamp = {2015-04-07T09:31:41Z},
  number = {6},
  urldate = {2015-04-07},
  journal = {Human Genetics},
  author = {Das, Kiranmoy and Li, Jiahan and Wang, Zhong and Tong, Chunfa and Fu, Guifang and Li, Yao and Xu, Meng and Ahn, Kwangmi and Mauger, David and Li, Runze and Wu, Rongling},
  month = feb,
  year = {2011},
  keywords = {Gene Function,Human Genetics,Metabolic Diseases,Molecular Medicine},
  pages = {629--639}
}

@article{fan_longitudinal_2012,
  title = {Longitudinal {{Association Analysis}} of {{Quantitative Traits}}: {{Association Analysis}} of {{Quantitative Traits}}},
  issn = {07410395},
  shorttitle = {Longitudinal {{Association Analysis}} of {{Quantitative Traits}}},
  doi = {10.1002/gepi.21673},
  language = {en},
  timestamp = {2015-04-07T09:45:37Z},
  urldate = {2015-04-07},
  journal = {Genetic Epidemiology},
  author = {Fan, Ruzong and Zhang, Yiwei and Albert, Paul S. and Liu, Aiyi and Wang, Yuanjia and Xiong, Momiao},
  month = sep,
  year = {2012},
  pages = {n/a--n/a}
}

@article{costanza_consistency_2012,
  title = {Consistency between Cross-Sectional and Longitudinal {{SNP}}: Blood Lipid Associations},
  volume = {27},
  issn = {0393-2990, 1573-7284},
  shorttitle = {Consistency between Cross-Sectional and Longitudinal {{SNP}}},
  doi = {10.1007/s10654-012-9670-1},
  language = {en},
  timestamp = {2015-04-08T14:45:04Z},
  number = {2},
  urldate = {2015-04-08},
  journal = {European Journal of Epidemiology},
  author = {Costanza, Michael C. and Beer-Borst, Sigrid and James, Richard W. and Gaspoz, Jean-Michel and Morabia, Alfredo},
  month = mar,
  year = {2012},
  keywords = {Association,Blood cholesterol,Cardiology,Cross-sectional design,Epidemiology,Genetic marker,Infectious Diseases,Longitudinal design,Oncology,Public Health/Gesundheitswesen,single nucleotide polymorphism},
  pages = {131--138}
}

@article{zhang_mixed_2010,
  title = {Mixed Linear Model Approach Adapted for Genome-Wide Association Studies},
  volume = {42},
  issn = {1061-4036},
  doi = {10.1038/ng.546},
  language = {en},
  timestamp = {2015-04-08T14:54:15Z},
  number = {4},
  urldate = {2015-04-08},
  journal = {Nature Genetics},
  author = {Zhang, Zhiwu and Ersoz, Elhan and Lai, Chao-Qiang and Todhunter, Rory J. and Tiwari, Hemant K. and Gore, Michael A. and Bradbury, Peter J. and Yu, Jianming and Arnett, Donna K. and Ordovas, Jose M. and Buckler, Edward S.},
  year = {2010},
  pages = {355--360}
}

@article{kerner_use_2009,
  title = {Use of Longitudinal Data in Genetic Studies in the Genome-Wide Association Studies Era: Summary of {{Group}} 14},
  volume = {33},
  issn = {07410395},
  shorttitle = {Use of Longitudinal Data in Genetic Studies in the Genome-Wide Association Studies Era},
  doi = {10.1002/gepi.20479},
  language = {en},
  timestamp = {2015-04-09T08:10:00Z},
  number = {S1},
  urldate = {2015-04-09},
  journal = {Genetic Epidemiology},
  author = {Kerner, Berit and North, Kari E. and Fallin, M. Daniele},
  year = {2009},
  pages = {S93--S98}
}

@article{manolio_finding_2009,
  title = {Finding the Missing Heritability of Complex Diseases},
  volume = {461},
  issn = {0028-0836},
  doi = {10.1038/nature08494},
  language = {en},
  timestamp = {2017-06-06T12:00:03Z},
  number = {7265},
  urldate = {2015-04-09},
  journal = {Nature},
  author = {Manolio, Teri A. and Collins, Francis S. and Cox, Nancy J. and Goldstein, David B. and Hindorff, Lucia A. and Hunter, David J. and McCarthy, Mark I. and Ramos, Erin M. and Cardon, Lon R. and Chakravarti, Aravinda and Cho, Judy H. and Guttmacher, Alan E. and Kong, Augustine and Kruglyak, Leonid and Mardis, Elaine and Rotimi, Charles N. and Slatkin, Montgomery and Valle, David and Whittemore, Alice S. and Boehnke, Michael and Clark, Andrew G. and Eichler, Evan E. and Gibson, Greg and Haines, Jonathan L. and Mackay, Trudy F. C. and McCarroll, Steven A. and Visscher, Peter M.},
  month = oct,
  year = {2009},
  pages = {747--753}
}

@article{eichler_missing_2010,
  title = {Missing Heritability and Strategies for Finding the Underlying Causes of Complex Disease},
  volume = {11},
  issn = {1471-0056},
  doi = {10.1038/nrg2809},
  language = {en},
  timestamp = {2015-04-09T09:02:39Z},
  number = {6},
  urldate = {2015-04-09},
  journal = {Nature Reviews Genetics},
  author = {Eichler, Evan E. and Flint, Jonathan and Gibson, Greg and Kong, Augustine and Leal, Suzanne M. and Moore, Jason H. and Nadeau, Joseph H.},
  month = jan,
  year = {2010},
  pages = {446--450}
}

@article{graham_missing_2009,
  title = {Missing {{Data Analysis}}: {{Making It Work}} in the {{Real World}}},
  volume = {60},
  shorttitle = {Missing {{Data Analysis}}},
  doi = {10.1146/annurev.psych.58.110405.085530},
  timestamp = {2015-04-10T08:05:09Z},
  number = {1},
  urldate = {2015-02-23},
  journal = {Annual Review of Psychology},
  author = {Graham, John W.},
  year = {2009},
  keywords = {attrition,maximum likelihood,multiple imputation,nonignorable missingness,planned missingness},
  pages = {549--576},
  pmid = {18652544}
}

@article{almasy_data_2014,
  title = {Data for {{Genetic Analysis Workshop}} 18: Human Whole Genome Sequence, Blood Pressure, and Simulated Phenotypes in Extended Pedigrees},
  volume = {8},
  issn = {1753-6561},
  shorttitle = {Data for {{Genetic Analysis Workshop}} 18},
  doi = {10.1186/1753-6561-8-S1-S2},
  language = {en},
  timestamp = {2015-04-16T13:07:16Z},
  number = {Suppl 1},
  urldate = {2015-04-16},
  journal = {BMC Proceedings},
  author = {Almasy, Laura and Dyer, Thomas D. and Peralta, Juan M. and Jun, Goo and Wood, Andrew R. and Fuchsberger, Christian and Almeida, Marcio A. and Kent, Jack W. and Fowler, Sharon and Blackwell, Tom W. and Puppala, Sobha and Kumar, Satish and Curran, Joanne E. and Lehman, Donna and Abecasis, Goncalo and Duggirala, Ravindranath and Blangero, John},
  month = jun,
  year = {2014},
  pages = {S2}
}

@article{smith_longitudinal_2010,
  title = {Longitudinal {{Genome}}-{{Wide Association}} of {{Cardiovascular Disease Risk Factors}} in the {{Bogalusa Heart Study}}},
  volume = {6},
  doi = {10.1371/journal.pgen.1001094},
  timestamp = {2015-04-14T08:29:53Z},
  number = {9},
  urldate = {2015-04-13},
  journal = {PLoS Genet},
  author = {Smith, Erin N. and Chen, Wei and K{\"a}h{\"o}nen, Mika and Kettunen, Johannes and Lehtim{\"a}ki, Terho and Peltonen, Leena and Raitakari, Olli T. and Salem, Rany M. and Schork, Nicholas J. and Shaw, Marian and Srinivasan, Sathanur R. and Topol, Eric J. and Viikari, Jorma S. and Berenson, Gerald S. and Murray, Sarah S.},
  month = sep,
  year = {2010},
  pages = {e1001094}
}

@article{mei_longitudinal_2012,
  title = {Longitudinal {{Replication Studies}} of {{GWAS Risk SNPs Influencing Body Mass Index}} over the {{Course}} of {{Childhood}} and {{Adulthood}}},
  volume = {7},
  doi = {10.1371/journal.pone.0031470},
  timestamp = {2015-04-14T08:30:09Z},
  number = {2},
  urldate = {2015-04-13},
  journal = {PLoS ONE},
  author = {Mei, Hao and Chen, Wei and Jiang, Fan and He, Jiang and Srinivasan, Sathanur and Smith, Erin N. and Schork, Nicholas and Murray, Sarah and Berenson, Gerald S.},
  month = feb,
  year = {2012},
  pages = {e31470}
}

@article{zhu_genome-wide_2009,
  title = {A Genome-Wide Association Analysis of {{Framingham Heart Study}} Longitudinal Data Using Multivariate Adaptive Splines},
  volume = {3},
  issn = {1753-6561},
  language = {en},
  timestamp = {2015-04-14T08:31:20Z},
  number = {Suppl 7},
  urldate = {2015-04-13},
  journal = {BMC Proceedings},
  author = {Zhu, Wensheng and Cho, Kelly and Chen, Xiang and Zhang, Meizhuo and Wang, Minghui and Zhang, Heping},
  month = dec,
  year = {2009},
  pages = {S119}
}

@article{robins_estimation_1994,
  title = {Estimation of {{Regression Coefficients When Some Regressors}} Are Not {{Always Observed}}},
  volume = {89},
  issn = {0162-1459},
  doi = {10.1080/01621459.1994.10476818},
  timestamp = {2015-04-14T08:34:40Z},
  number = {427},
  urldate = {2015-04-13},
  journal = {Journal of the American Statistical Association},
  author = {Robins, James M. and Rotnitzky, Andrea and Zhao, Lue   Ping},
  month = sep,
  year = {1994},
  pages = {846--866}
}

@article{luan_multilevel_2009,
  title = {A Multilevel Linear Mixed Model of the Association between Candidate Genes and Weight and Body Mass Index Using the {{Framingham}} Longitudinal Family Data},
  volume = {3},
  issn = {1753-6561},
  language = {en},
  timestamp = {2015-04-14T08:32:04Z},
  number = {Suppl 7},
  urldate = {2015-04-13},
  journal = {BMC Proceedings},
  author = {Luan, Jian'an and Kerner, Berit and Zhao, Jing-Hua and Loos, Ruth JF and Sharp, Stephen J. and Muth{\'e}n, Bengt O. and Wareham, Nicholas J.},
  month = dec,
  year = {2009},
  pages = {S115},
  pmid = {20017980}
}

@article{roslin_genome-wide_2009,
  title = {Genome-Wide Association Analysis of Cardiovascular-Related Quantitative Traits in the {{Framingham Heart Study}}},
  volume = {3},
  issn = {1753-6561},
  language = {en},
  timestamp = {2015-04-14T08:32:38Z},
  number = {Suppl 7},
  urldate = {2015-04-13},
  journal = {BMC Proceedings},
  author = {Roslin, Nicole M. and Hamid, Jemila S. and Paterson, Andrew D. and Beyene, Joseph},
  month = dec,
  year = {2009},
  pages = {S117},
  pmid = {20017982}
}

@article{laird_random-effects_1982,
  title = {Random-{{Effects Models}} for {{Longitudinal Data}}},
  volume = {38},
  issn = {0006-341X},
  doi = {10.2307/2529876},
  timestamp = {2015-04-14T08:34:40Z},
  number = {4},
  urldate = {2015-04-13},
  journal = {Biometrics},
  author = {Laird, Nan M. and Ware, James H.},
  month = dec,
  year = {1982},
  pages = {963--974}
}

@article{liang_longitudinal_1986,
  title = {Longitudinal Data Analysis Using Generalized Linear Models},
  volume = {73},
  issn = {0006-3444, 1464-3510},
  doi = {10.1093/biomet/73.1.13},
  language = {en},
  timestamp = {2015-04-14T08:34:40Z},
  number = {1},
  urldate = {2015-04-13},
  journal = {Biometrika},
  author = {Liang, Kung-Yee and Zeger, Scott L.},
  month = jan,
  year = {1986},
  keywords = {Estimating equation,Generalized linear model,longitudinal data,Quasi-likelihood,Repeated measures},
  pages = {13--22}
}

@article{verbeke_conditional_2001,
  title = {Conditional {{Linear Mixed Models}}},
  volume = {55},
  issn = {0003-1305},
  doi = {10.1198/000313001300339905},
  timestamp = {2015-04-14T08:34:40Z},
  number = {1},
  urldate = {2015-04-13},
  journal = {The American Statistician},
  author = {Verbeke, Geert and Spiessens, Bart and Lesaffre, Emmanuel},
  month = feb,
  year = {2001},
  pages = {25--34}
}

@article{ziegler_generalised_1998,
  title = {The {{Generalised Estimating Equations}}: {{An Annotated Bibliography}}},
  volume = {40},
  issn = {0323-3847, 1521-4036},
  shorttitle = {The {{Generalised Estimating Equations}}},
  doi = {10.1002/(SICI)1521-4036(199806)40:2<115::AID-BIMJ115>3.0.CO;2-6},
  language = {en},
  timestamp = {2015-04-14T08:34:40Z},
  number = {2},
  urldate = {2015-04-13},
  journal = {Biometrical Journal},
  author = {Ziegler, Andreas and Kastner, Christian and Blettner, Maria},
  month = jun,
  year = {1998},
  pages = {115--139}
}

@article{chang_growth_2009,
  title = {Growth Mixture Modeling as an Exploratory Analysis Tool in Longitudinal Quantitative Trait Loci Analysis},
  volume = {3},
  issn = {1753-6561},
  language = {en},
  timestamp = {2015-04-14T08:50:53Z},
  number = {Suppl 7},
  urldate = {2015-04-13},
  journal = {BMC Proceedings},
  author = {Chang, Su-Wei and Choi, Seung H. and Li, Ke and Fleur, Rose S. and Huang, Chengrui and Shen, Tong and Ahn, Kwangmi and Gordon, Derek and Kim, Wonkuk and Wu, Rongling and Mendell, Nancy R. and Finch, Stephen J.},
  month = dec,
  year = {2009},
  pages = {S112},
  pmid = {20017977}
}

@article{meyer_snp_2012,
  title = {``{{SNP Snappy}}'': {{A Strategy}} for {{Fast Genome}}-{{Wide Association Studies Fitting}} a {{Full Mixed Model}}},
  volume = {190},
  issn = {0016-6731, 1943-2631},
  shorttitle = {``{{SNP Snappy}}''},
  doi = {10.1534/genetics.111.134841},
  language = {en},
  timestamp = {2015-04-14T09:06:34Z},
  number = {1},
  urldate = {2015-04-13},
  journal = {Genetics},
  author = {Meyer, Karin and Tier, Bruce},
  month = jan,
  year = {2012},
  pages = {275--277},
  pmid = {22021386}
}

@article{zhao_cross-sectional_2014,
  title = {Cross-{{Sectional}} and {{Longitudinal Replication Analyses}} of {{Genome}}-{{Wide Association Loci}} of {{Type}} 2 {{Diabetes}} in {{Han Chinese}}},
  volume = {9},
  doi = {10.1371/journal.pone.0091790},
  timestamp = {2015-04-22T08:11:40Z},
  number = {3},
  urldate = {2015-01-27},
  journal = {PLoS ONE},
  author = {Zhao, Qi and Xiao, Jianzhong and He, Jiang and Zhang, Xuelian and Hong, Jing and Kong, Xiaomu and Mills, Katherine T. and Weng, Jianping and Jia, Weiping and Yang, Wenying},
  month = mar,
  year = {2014},
  pages = {e91790}
}

@book{wickham_ggplot2_2009,
  address = {New York, NY},
  title = {Ggplot2},
  isbn = {978-0-387-98140-6 978-0-387-98141-3},
  language = {en},
  timestamp = {2015-04-22T14:36:52Z},
  urldate = {2015-04-22},
  publisher = {{Springer New York}},
  author = {Wickham, Hadley},
  year = {2009}
}

@misc{yengo_clere:_2014,
  title = {Clere: {{CLERE}} Methodology for Simultaneous Variables Clustering and Regression},
  shorttitle = {Clere},
  timestamp = {2015-04-22T14:59:16Z},
  urldate = {2015-04-22},
  author = {Yengo, Loic and Canouil, Mickael},
  month = feb,
  year = {2014}
}

@misc{canouil_snpenrichment:_2015,
  title = {{{snpEnrichment}}: {{SNPs Enrichment Analysis}}},
  shorttitle = {{{snpEnrichment}}},
  timestamp = {2015-04-22T15:00:11Z},
  urldate = {2015-04-22},
  author = {Canouil, Mickael and Yengo, Loic},
  month = feb,
  year = {2015}
}

@article{maher_personal_2008,
  title = {Personal Genomes: {{The}} Case of the Missing Heritability},
  volume = {456},
  issn = {0028-0836},
  shorttitle = {Personal Genomes},
  doi = {10.1038/456018a},
  language = {en},
  timestamp = {2015-04-27T09:38:17Z},
  number = {7218},
  urldate = {2015-04-27},
  journal = {Nature News},
  author = {Maher, Brendan},
  month = may,
  year = {2008},
  pages = {18--21}
}

@article{robins_analysis_1995,
  title = {Analysis of {{Semiparametric Regression Models}} for {{Repeated Outcomes}} in the {{Presence}} of {{Missing Data}}},
  volume = {90},
  issn = {0162-1459, 1537-274X},
  doi = {10.1080/01621459.1995.10476493},
  language = {en},
  timestamp = {2015-04-27T13:55:30Z},
  number = {429},
  urldate = {2015-04-27},
  journal = {Journal of the American Statistical Association},
  author = {Robins, James M. and Rotnitzky, Andrea and Zhao, Lue Ping},
  month = mar,
  year = {1995},
  pages = {106--121}
}

@book{rizopoulos_joint_2012,
  title = {Joint Models for Longitudinal and Time-to-Event Data: {{With}} Applications in {{R}}},
  shorttitle = {Joint Models for Longitudinal and Time-to-Event Data},
  timestamp = {2015-04-30T10:19:55Z},
  urldate = {2015-04-22},
  publisher = {{CRC Press}},
  author = {Rizopoulos, Dimitris},
  year = {2012}
}

@article{fisher_time-dependent_1999,
  title = {Time-Dependent Covariates in the {{Cox}} Proportional-Hazards Regression Model},
  volume = {20},
  issn = {0163-7525},
  doi = {10.1146/annurev.publhealth.20.1.145},
  language = {eng},
  timestamp = {2015-09-10T09:51:05Z},
  journal = {Annual Review of Public Health},
  author = {Fisher, L. D. and Lin, D. Y.},
  year = {1999},
  keywords = {Humans,Mathematics,Proportional Hazards Models,Survival Analysis,Time Factors},
  pages = {145--157},
  pmid = {10352854}
}

@article{andrinopoulou_introduction_2012,
  title = {An {{Introduction}} to {{Mixed Models}} and {{Joint Modeling}}: {{Analysis}} of {{Valve Function Over Time}}},
  volume = {93},
  issn = {00034975},
  shorttitle = {An {{Introduction}} to {{Mixed Models}} and {{Joint Modeling}}},
  doi = {10.1016/j.athoracsur.2012.02.049},
  language = {en},
  timestamp = {2015-06-10T08:32:22Z},
  number = {6},
  urldate = {2015-06-10},
  journal = {The Annals of Thoracic Surgery},
  author = {Andrinopoulou, Eleni-Rosalina and Rizopoulos, Dimitris and Jin, Ruyun and Bogers, Ad J.J.C. and Lesaffre, Emmanuel and Takkenberg, Johanna J.M.},
  month = jun,
  year = {2012},
  pages = {1765--1772}
}

@article{rizopoulos_jm:_2010,
  title = {{{JM}}: {{An R}} Package for the Joint Modelling of Longitudinal and Time-to-Event Data},
  volume = {35},
  shorttitle = {{{JM}}},
  timestamp = {2015-06-10T12:41:57Z},
  number = {9},
  urldate = {2015-04-21},
  journal = {Journal of Statistical Software},
  author = {Rizopoulos, Dimitris},
  year = {2010},
  pages = {1--33}
}

@phdthesis{sene_developpement_2013,
  title = {D{\'e}veloppement d'outils Pronostiques Dynamiques Dans Le Cancer de La Prostate Localis{\'e} Trait{\'e} Par Radioth{\'e}rapie},
  timestamp = {2015-06-10T12:41:57Z},
  urldate = {2015-04-09},
  school = {Bordeaux 2},
  author = {Sene, Mbery},
  year = {2013}
}

@techreport{who_definition_2006,
  title = {Definition and Diagnosis of Diabetes Mellitus and Intermediate Hyperglycemia: Report of a {{WHO}}/{{IDF}} Consultation},
  timestamp = {2015-06-10T12:41:57Z},
  author = {WHO},
  year = {2006}
}

@article{sinnott_fasting_2015,
  title = {Fasting {{Plasma Glucose}} as {{Initial Screening}} for {{Diabetes}} and {{Prediabetes}} in {{Irish Adults}}: {{The Diabetes Mellitus}} and {{Vascular Health Initiative}} ({{DMVhi}})},
  volume = {10},
  issn = {1932-6203},
  shorttitle = {Fasting {{Plasma Glucose}} as {{Initial Screening}} for {{Diabetes}} and {{Prediabetes}} in {{Irish Adults}}},
  doi = {10.1371/journal.pone.0122704},
  language = {en},
  timestamp = {2015-06-10T12:41:57Z},
  number = {4},
  urldate = {2015-04-22},
  journal = {PLOS ONE},
  author = {Sinnott, Margaret and Kinsley, Brendan T. and Jackson, Abaigeal D. and Walsh, Cathal and O'Grady, Tony and Nolan, John J. and Gaffney, Peter and Boran, Gerard and Kelleher, Cecily and Carr, Bernadette},
  editor = {Wang, Guoying},
  month = apr,
  year = {2015},
  pages = {e0122704}
}

@article{tsiatis_modeling_1995,
  title = {Modeling the {{Relationship}} of {{Survival}} to {{Longitudinal Data Measured}} with {{Error}}. {{Applications}} to {{Survival}} and {{CD4 Counts}} in {{Patients}} with {{AIDS}}},
  volume = {90},
  issn = {0162-1459},
  doi = {10.2307/2291126},
  timestamp = {2017-01-18T09:06:27Z},
  number = {429},
  urldate = {2015-04-09},
  journal = {Journal of the American Statistical Association},
  author = {Tsiatis, A. A. and DeGruttola, Victor and Wulfsohn, M. S.},
  month = mar,
  year = {1995},
  pages = {27--37}
}

@article{qiu_joint_2013,
  title = {Joint Modeling of Longitudinal Data and Discrete-Time Survival Outcome},
  timestamp = {2015-06-10T12:41:57Z},
  urldate = {2015-04-09},
  journal = {Statistical methods in medical research},
  author = {Qiu, Feiyou and Stein, Catherine M. and Elston, Robert C. and {others}},
  year = {2013},
  pages = {0962280213490342}
}

@article{wulfsohn_joint_1997,
  title = {A {{Joint Model}} for {{Survival}} and {{Longitudinal Data Measured}} with {{Error}}},
  volume = {53},
  issn = {0006341X},
  doi = {10.2307/2533118},
  timestamp = {2015-06-10T12:41:57Z},
  number = {1},
  urldate = {2015-01-27},
  journal = {Biometrics},
  author = {Wulfsohn, Michael S. and Tsiatis, Anastasios A.},
  month = mar,
  year = {1997},
  pages = {330}
}

@phdthesis{crowther_development_2015,
  title = {Development and Application of Methodology for the Parametric Analysis of Complex Survival and Joint Longitudinal-Survival Data in Biomedical Research},
  timestamp = {2015-06-10T12:41:57Z},
  urldate = {2015-05-04},
  school = {Department of Health Sciences},
  author = {Crowther, Michael James},
  year = {2015}
}

@article{henderson_joint_2000,
  title = {Joint Modelling of Longitudinal Measurements and Event Time Data},
  volume = {1},
  timestamp = {2015-06-10T12:41:57Z},
  number = {4},
  journal = {Biostatistics},
  author = {Henderson, Robin and Diggle, Peter and Dobson, Angela},
  year = {2000},
  pages = {465--480}
}

@article{diggle_joint_2008,
  title = {Joint Modelling of Repeated Measurements and Time-to-Event Outcomes: {{The}} Fourth {{Armitage}} Lecture},
  volume = {27},
  issn = {1097-0258},
  shorttitle = {Joint Modelling of Repeated Measurements and Time-to-Event Outcomes},
  doi = {10.1002/sim.3131},
  language = {en},
  timestamp = {2015-06-10T12:41:57Z},
  number = {16},
  urldate = {2015-01-26},
  journal = {Statistics in Medicine},
  author = {Diggle, Peter J. and Sousa, In{\^e}s and Chetwynd, Amanda G.},
  year = {2008},
  keywords = {joint modelling,longitudinal analysis,time to event},
  pages = {2981--2998}
}

@article{lawrence_gould_joint_2014,
  title = {Joint Modeling of Survival and Longitudinal Non-Survival Data: Current Methods and Issues. {{Report}} of the {{DIA Bayesian}} Joint Modeling Working Group},
  issn = {02776715},
  shorttitle = {Joint Modeling of Survival and Longitudinal Non-Survival Data},
  doi = {10.1002/sim.6141},
  language = {en},
  timestamp = {2015-06-10T12:41:57Z},
  urldate = {2015-05-04},
  journal = {Statistics in Medicine},
  author = {Lawrence Gould, A. and Boye, Mark Ernest and Crowther, Michael J. and Ibrahim, Joseph G. and Quartey, George and Micallef, Sandrine and Bois, Frederic Y.},
  month = mar,
  year = {2014},
  pages = {n/a--n/a}
}

@article{philipson_joiner:_2012,
  title = {{{joineR}}: {{Joint}} Modelling of Repeated Measurements and Time-to-Event Data},
  shorttitle = {{{joineR}}},
  timestamp = {2015-06-10T12:41:57Z},
  urldate = {2015-01-27},
  author = {Philipson, Pete and Diggle, Peter and Sousa, Ines and Kolamunnage-Dona, Ruwanthi and Williamson, Paula and Henderson, Rob},
  year = {2012}
}

@article{wu_analysis_2012,
  title = {Analysis of {{Longitudinal}} and {{Survival Data}}: {{Joint Modeling}}, {{Inference Methods}}, and {{Issues}}},
  volume = {2012},
  issn = {1687-952X, 1687-9538},
  shorttitle = {Analysis of {{Longitudinal}} and {{Survival Data}}},
  doi = {10.1155/2012/640153},
  language = {en},
  timestamp = {2015-06-10T12:41:57Z},
  urldate = {2015-04-09},
  journal = {Journal of Probability and Statistics},
  author = {Wu, Lang and Liu, Wei and Yi, Grace Y. and Huang, Yangxin},
  year = {2012},
  pages = {1--17}
}

@article{geskus_which_2014,
  title = {Which Individuals Make Dropout Informative?},
  volume = {23},
  issn = {0962-2802, 1477-0334},
  doi = {10.1177/0962280212445840},
  language = {en},
  timestamp = {2015-06-10T12:41:57Z},
  number = {1},
  urldate = {2015-01-26},
  journal = {Statistical Methods in Medical Research},
  author = {Geskus, Ronald B.},
  month = feb,
  year = {2014},
  keywords = {AIDS markers,longitudinal data,missing not at random,random effects selection model},
  pages = {91--106},
  pmid = {22534427}
}

@article{schoenfeld_sample-size_1983,
  title = {Sample-Size Formula for the Proportional-Hazards Regression Model},
  volume = {39},
  timestamp = {2015-06-10T12:41:57Z},
  number = {2},
  journal = {Biometrics},
  author = {Schoenfeld, David A.},
  year = {1983},
  pages = {499--503}
}

@incollection{self_modeling_1992,
  title = {Modeling a {{Marker}} of {{Disease Progression}} and {{Onset}} of {{Disease}}},
  isbn = {978-1-4757-1231-5 978-1-4757-1229-2},
  language = {en},
  timestamp = {2015-09-10T09:55:38Z},
  urldate = {2015-09-10},
  booktitle = {{{AIDS Epidemiology}}},
  publisher = {{Birkh{\"a}user Boston}},
  author = {Self, Steve and Pawitan, Yudi},
  editor = {Jewell, Nicholas P. and Dietz, Klaus and Farewell, Vernon T.},
  year = {1992},
  keywords = {Medicine/Public Health; general},
  pages = {231--255}
}

@misc{_cohorte_????,
  title = {La Cohorte {{DESIR}}},
  timestamp = {2015-09-10T17:30:07Z},
  urldate = {2015-09-10},
  howpublished = {\url{http://www.lacohortedesir.fr/}}
}

@article{voight_twelve_2010,
  title = {Twelve Type 2 Diabetes Susceptibility Loci Identified through Large-Scale Association Analysis},
  volume = {42},
  issn = {1061-4036},
  doi = {10.1038/ng.609},
  language = {en},
  timestamp = {2017-06-06T12:00:37Z},
  number = {7},
  urldate = {2015-09-10},
  journal = {Nature Genetics},
  author = {Voight, Benjamin F. and Scott, Laura J. and Steinthorsdottir, Valgerdur and Morris, Andrew P. and Dina, Christian and Welch, Ryan P. and Zeggini, Eleftheria and Huth, Cornelia and Aulchenko, Yurii S. and Thorleifsson, Gudmar and McCulloch, Laura J. and Ferreira, Teresa and Grallert, Harald and Amin, Najaf and Wu, Guanming and Willer, Cristen J. and Raychaudhuri, Soumya and McCarroll, Steve A. and Langenberg, Claudia and Hofmann, Oliver M. and Dupuis, Jos{\'e}e and Qi, Lu and Segr{\`e}, Ayellet V. and van Hoek, Mandy and Navarro, Pau and Ardlie, Kristin and Balkau, Beverley and Benediktsson, Rafn and Bennett, Amanda J. and Blagieva, Roza and Boerwinkle, Eric and Bonnycastle, Lori L. and Bostr{\"o}m, Kristina Bengtsson and Bravenboer, Bert and Bumpstead, Suzannah and Burtt, Nois{\"e}l P. and Charpentier, Guillaume and Chines, Peter S. and Cornelis, Marilyn and Couper, David J. and Crawford, Gabe and Doney, Alex S. F. and Elliott, Katherine S. and Elliott, Amanda L. and Erdos, Michael R. and Fox, Caroline S. and Franklin, Christopher S. and Ganser, Martha and Gieger, Christian and Grarup, Niels and Green, Todd and Griffin, Simon and Groves, Christopher J. and Guiducci, Candace and Hadjadj, Samy and Hassanali, Neelam and Herder, Christian and Isomaa, Bo and Jackson, Anne U. and Johnson, Paul R. V. and J{\o}rgensen, Torben and Kao, Wen H. L. and Klopp, Norman and Kong, Augustine and Kraft, Peter and Kuusisto, Johanna and Lauritzen, Torsten and Li, Man and Lieverse, Aloysius and Lindgren, Cecilia M. and Lyssenko, Valeriya and Marre, Michel and Meitinger, Thomas and Midthjell, Kristian and Morken, Mario A. and Narisu, Narisu and Nilsson, Peter and Owen, Katharine R. and Payne, Felicity and Perry, John R. B. and Petersen, Ann-Kristin and Platou, Carl and Proen{\c c}a, Christine and Prokopenko, Inga and Rathmann, Wolfgang and Rayner, N. William and Robertson, Neil R. and Rocheleau, Ghislain and Roden, Michael and Sampson, Michael J. and Saxena, Richa and Shields, Beverley M. and Shrader, Peter and Sigurdsson, Gunnar and Spars{\o}, Thomas and Strassburger, Klaus and Stringham, Heather M. and Sun, Qi and Swift, Amy J. and Thorand, Barbara and Tichet, Jean and Tuomi, Tiinamaija and van Dam, Rob M. and van Haeften, Timon W. and van Herpt, Thijs and van Vliet-Ostaptchouk, Jana V. and Walters, G. Bragi and Weedon, Michael N. and Wijmenga, Cisca and Witteman, Jacqueline and Investigators, The MAGIC and Consortium, The GIANT and Bergman, Richard N. and Cauchi, Stephane and Collins, Francis S. and Gloyn, Anna L. and Gyllensten, Ulf and Hansen, Torben and Hide, Winston A. and Hitman, Graham A. and Hofman, Albert and Hunter, David J. and Hveem, Kristian and Laakso, Markku and Mohlke, Karen L. and Morris, Andrew D. and Palmer, Colin N. A. and Pramstaller, Peter P. and Rudan, Igor and Sijbrands, Eric and Stein, Lincoln D. and Tuomilehto, Jaakko and Uitterlinden, Andre and Walker, Mark and Wareham, Nicholas J. and Watanabe, Richard M. and Abecasis, Gon{\c c}alo R. and Boehm, Bernhard O. and Campbell, Harry and Daly, Mark J. and Hattersley, Andrew T. and Hu, Frank B. and Meigs, James B. and Pankow, James S. and Pedersen, Oluf and Wichmann, H.-Erich and Barroso, In{\^e}s and Florez, Jose C. and Frayling, Timothy M. and Groop, Leif and Sladek, Rob and Thorsteinsdottir, Unnur and Wilson, James F. and Illig, Thomas and Froguel, Philippe and van Duijn, Cornelia M. and Stefansson, Kari and Altshuler, David and Boehnke, Michael and McCarthy, Mark I.},
  year = {2010},
  keywords = {Blood Glucose,Diabetes Mellitus; Type 2,Dual-Specificity Phosphatases,Fasting,Gene Dosage,Gene Expression Profiling,Genetic Heterogeneity,Genetic Predisposition to Disease,Genome; Human,Genome-wide association study,Hepatocyte Nuclear Factor 1-alpha,Humans,KCNQ1 Potassium Channel,Meta-Analysis as Topic,Mitogen-Activated Protein Kinase Phosphatases,Polymorphism; Single Nucleotide},
  pages = {579--589}
}

@misc{_diagram_????,
  title = {{{DIAGRAM Consortium}}},
  timestamp = {2015-09-10T12:17:17Z},
  urldate = {2015-09-10},
  howpublished = {\url{http://www.diagram-consortium.org/}}
}

@phdthesis{sikorska_computationally_2014,
  title = {Computationally {{Fast Approaches}} to {{Genome}}-{{Wide Association Studies}}},
  timestamp = {2015-06-26T08:11:52Z},
  urldate = {2015-06-24},
  author = {Sikorska, Karolina},
  month = sep,
  year = {2014}
}

@misc{_magic_????,
  title = {{{MAGIC Consortium}}},
  timestamp = {2017-06-06T12:15:43Z},
  urldate = {2015-09-10},
  howpublished = {\url{http://www.magicinvestigators.org/}}
}

@article{sikorska_gwas_2013,
  title = {{{GWAS}} on Your Notebook: Fast Semi-Parallel Linear and Logistic Regression for Genome-Wide Association Studies},
  volume = {14},
  issn = {1471-2105},
  shorttitle = {{{GWAS}} on Your Notebook},
  doi = {10.1186/1471-2105-14-166},
  language = {en},
  timestamp = {2015-06-26T12:25:47Z},
  number = {1},
  urldate = {2015-06-26},
  journal = {BMC Bioinformatics},
  author = {Sikorska, Karolina and Lesaffre, Emmanuel and Groenen, Patrick FJ and Eilers, Paul HC},
  month = may,
  year = {2013},
  pages = {166},
  pmid = {23711206}
}

@article{bender_generating_2005,
  title = {Generating Survival Times to Simulate {{Cox}} Proportional Hazards Models},
  volume = {24},
  issn = {02776715, 10970258},
  doi = {10.1002/sim.2059},
  language = {en},
  timestamp = {2015-08-20T08:32:31Z},
  number = {11},
  urldate = {2015-08-20},
  journal = {Statistics in Medicine},
  author = {Bender, Ralf and Augustin, Thomas and Blettner, Maria},
  month = jun,
  year = {2005},
  pages = {1713--1723}
}

@article{austin_generating_2012,
  title = {Generating Survival Times to Simulate {{Cox}} Proportional Hazards Models with Time-Varying Covariates},
  volume = {31},
  issn = {02776715},
  doi = {10.1002/sim.5452},
  language = {en},
  timestamp = {2015-08-20T08:33:57Z},
  number = {29},
  urldate = {2015-08-20},
  journal = {Statistics in Medicine},
  author = {Austin, Peter C.},
  month = dec,
  year = {2012},
  pages = {3946--3958}
}

@article{basile_genetic_2014,
  title = {Genetic {{Susceptibility}} to {{Type}} 2 {{Diabetes}} and {{Obesity}}: {{Follow}}-{{Up}} of {{Findings}} from {{Genome}}-{{Wide Association Studies}}},
  volume = {2014},
  issn = {1687-8337, 1687-8345},
  shorttitle = {Genetic {{Susceptibility}} to {{Type}} 2 {{Diabetes}} and {{Obesity}}},
  doi = {10.1155/2014/769671},
  language = {en},
  timestamp = {2015-09-08T13:19:26Z},
  urldate = {2015-04-22},
  journal = {International Journal of Endocrinology},
  author = {Basile, Kevin J. and Johnson, Matthew E. and Xia, Qianghua and Grant, Struan F. A.},
  year = {2014},
  pages = {1--13}
}

@article{american_diabetes_association_diagnosis_2013,
  title = {Diagnosis and Classification of Diabetes Mellitus},
  volume = {36 (Suppl 1)},
  timestamp = {2015-09-08T13:19:26Z},
  urldate = {2015-04-22},
  journal = {Diabetes care},
  author = {American Diabetes Association},
  year = {2013},
  pages = {S67--74}
}

@article{marullo_insights_2014,
  title = {Insights into the {{Genetic Susceptibility}} to {{Type}} 2 {{Diabetes}} from {{Genome}}-{{Wide Association Studies}} of {{Glycaemic Traits}}},
  volume = {14},
  issn = {1534-4827, 1539-0829},
  doi = {10.1007/s11892-014-0551-8},
  language = {en},
  timestamp = {2016-02-18T09:35:44Z},
  number = {11},
  urldate = {2015-04-09},
  journal = {Current Diabetes Reports},
  author = {Marullo, Letizia and El-Sayed Moustafa, Julia S. and Prokopenko, Inga},
  month = nov,
  year = {2014},
  keywords = {2-h post-prandial glucose,Association,Birth weight,Body mass index,Candidate gene study,Cardiometabolic traits,Diabetes,Effect size,Fasting glucose,Fasting insulin,Genome-wide association study,Glycated haemoglobin (HbA1c),Homeostasis model assessment of insulin resistance (HOMA-IR),Homeostasis model assessment of β-cell function (HOMA-B),Insulin resistance,Insulin secretion,Maturity-onset diabetes of the young (MODY),Meta-analysis,Oral glucose tolerance test (OGTT),Proinsulin,Risk prediction,Single nucleotide polymorphism (SNP),Thrifty gene hypothesis,Type 2 diabetes,β-cell function}
}

@article{scott_large-scale_2012,
  title = {Large-Scale Association Analyses Identify New Loci Influencing Glycemic Traits and Provide Insight into the Underlying Biological Pathways},
  volume = {44},
  issn = {1061-4036, 1546-1718},
  doi = {10.1038/ng.2385},
  timestamp = {2017-06-06T12:00:23Z},
  number = {9},
  urldate = {2015-04-09},
  journal = {Nature Genetics},
  author = {Scott, Robert A and Lagou, Vasiliki and Welch, Ryan P and Wheeler, Eleanor and Montasser, May E and Luan, Jian'an and M{\"a}gi, Reedik and Strawbridge, Rona J and Rehnberg, Emil and Gustafsson, Stefan and Kanoni, Stavroula and Rasmussen-Torvik, Laura J and Yengo, Lo{\"\i}c and Lecoeur, Cecile and Shungin, Dmitry and Sanna, Serena and Sidore, Carlo and Johnson, Paul C D and Jukema, J Wouter and Johnson, Toby and Mahajan, Anubha and Verweij, Niek and Thorleifsson, Gudmar and Hottenga, Jouke-Jan and Shah, Sonia and Smith, Albert V and Sennblad, Bengt and Gieger, Christian and Salo, Perttu and Perola, Markus and Timpson, Nicholas J and Evans, David M and Pourcain, Beate St and Wu, Ying and Andrews, Jeanette S and Hui, Jennie and Bielak, Lawrence F and Zhao, Wei and Horikoshi, Momoko and Navarro, Pau and Isaacs, Aaron and O'Connell, Jeffrey R and Stirrups, Kathleen and Vitart, Veronique and Hayward, Caroline and Esko, T{\~o}nu and Mihailov, Evelin and Fraser, Ross M and Fall, Tove and Voight, Benjamin F and Raychaudhuri, Soumya and Chen, Han and Lindgren, Cecilia M and Morris, Andrew P and Rayner, Nigel W and Robertson, Neil and Rybin, Denis and Liu, Ching-Ti and Beckmann, Jacques S and Willems, Sara M and Chines, Peter S and Jackson, Anne U and Kang, Hyun Min and Stringham, Heather M and Song, Kijoung and Tanaka, Toshiko and Peden, John F and Goel, Anuj and Hicks, Andrew A and An, Ping and M{\"u}ller-Nurasyid, Martina and Franco-Cereceda, Anders and Folkersen, Lasse and Marullo, Letizia and Jansen, Hanneke and Oldehinkel, Albertine J and Bruinenberg, Marcel and Pankow, James S and North, Kari E and Forouhi, Nita G and Loos, Ruth J F and Edkins, Sarah and Varga, Tibor V and Hallmans, G{\"o}ran and Oksa, Heikki and Antonella, Mulas and Nagaraja, Ramaiah and Trompet, Stella and Ford, Ian and Bakker, Stephan J L and Kong, Augustine and Kumari, Meena and Gigante, Bruna and Herder, Christian and Munroe, Patricia B and Caulfield, Mark and Antti, Jula and Mangino, Massimo and Small, Kerrin and Miljkovic, Iva and Liu, Yongmei and Atalay, Mustafa and Kiess, Wieland and James, Alan L and Rivadeneira, Fernando and Uitterlinden, Andre G and Palmer, Colin N A and Doney, Alex S F and Willemsen, Gonneke and Smit, Johannes H and Campbell, Susan and Polasek, Ozren and Bonnycastle, Lori L and Hercberg, Serge and Dimitriou, Maria and Bolton, Jennifer L and Fowkes, Gerard R and Kovacs, Peter and Lindstr{\"o}m, Jaana and Zemunik, Tatijana and Bandinelli, Stefania and Wild, Sarah H and Basart, Hanneke V and Rathmann, Wolfgang and Grallert, Harald and Maerz, Winfried and Kleber, Marcus E and Boehm, Bernhard O and Peters, Annette and Pramstaller, Peter P and Province, Michael A and Borecki, Ingrid B and Hastie, Nicholas D and Rudan, Igor and Campbell, Harry and Watkins, Hugh and Farrall, Martin and Stumvoll, Michael and Ferrucci, Luigi and Waterworth, Dawn M and Bergman, Richard N and Collins, Francis S and Tuomilehto, Jaakko and Watanabe, Richard M and {de Geus}, Eco J C and Penninx, Brenda W and Hofman, Albert and Oostra, Ben A and Psaty, Bruce M and Vollenweider, Peter and Wilson, James F and Wright, Alan F and Hovingh, G Kees and Metspalu, Andres and Uusitupa, Matti and Magnusson, Patrik K E and Kyvik, Kirsten O and Kaprio, Jaakko and Price, Jackie F and Dedoussis, George V and Deloukas, Panos and Meneton, Pierre and Lind, Lars and Boehnke, Michael and Shuldiner, Alan R and {van Duijn}, Cornelia M and Morris, Andrew D and Toenjes, Anke and Peyser, Patricia A and Beilby, John P and K{\"o}rner, Antje and Kuusisto, Johanna and Laakso, Markku and Bornstein, Stefan R and Schwarz, Peter E H and Lakka, Timo A and Rauramaa, Rainer and Adair, Linda S and Smith, George Davey and Spector, Tim D and Illig, Thomas and {de Faire}, Ulf and Hamsten, Anders and Gudnason, Vilmundur and Kivimaki, Mika and Hingorani, Aroon and Keinanen-Kiukaanniemi, Sirkka M and Saaristo, Timo E and Boomsma, Dorret I and Stefansson, Kari and {van der Harst}, Pim and Dupuis, Jos{\'e}e and Pedersen, Nancy L and Sattar, Naveed and Harris, Tamara B and Cucca, Francesco and Ripatti, Samuli and Salomaa, Veikko and Mohlke, Karen L and Balkau, Beverley and Froguel, Philippe and Pouta, Anneli and Jarvelin, Marjo-Riitta and Wareham, Nicholas J and Bouatia-Naji, Nabila and McCarthy, Mark I and Franks, Paul W and Meigs, James B and Teslovich, Tanya M and Florez, Jose C and Langenberg, Claudia and Ingelsson, Erik and Prokopenko, Inga and Barroso, In{\^e}s},
  month = aug,
  year = {2012},
  keywords = {Disease genetics,Genome-wide association studies,Metabolic disorders,Quantitative trait loci},
  pages = {991--1005}
}

@article{vaxillaire_type_2014,
  title = {Type 2 Diabetes-Related Genetic Risk Scores Associated with Variations in Fasting Plasma Glucose and Development of Impaired Glucose Homeostasis in the Prospective {{DESIR}} Study},
  volume = {57},
  issn = {0012-186X, 1432-0428},
  doi = {10.1007/s00125-014-3277-x},
  language = {en},
  timestamp = {2016-02-18T09:36:00Z},
  number = {8},
  urldate = {2015-04-09},
  journal = {Diabetologia},
  author = {Vaxillaire, Martine and Yengo, Lo{\"\i}c and Lobbens, St{\'e}phane and Rocheleau, Ghislain and Eury, Elodie and Lantieri, Olivier and Marre, Michel and Balkau, Beverley and Bonnefond, Am{\'e}lie and Froguel, Philippe},
  month = aug,
  year = {2014},
  keywords = {DESIR,Genotype risk score,Human Physiology,Hyperglycaemia,Impaired fasting glucose,Incidence analysis,Internal Medicine,Metabochip,Metabolic Diseases,Quantitative metabolic trait,Type 2 diabetes},
  pages = {1601--1610}
}

@article{zeggini_meta-analysis_2008,
  title = {Meta-Analysis of Genome-Wide Association Data and Large-Scale Replication Identifies Additional Susceptibility Loci for Type 2 Diabetes},
  volume = {40},
  issn = {1061-4036},
  doi = {10.1038/ng.120},
  timestamp = {2015-09-08T13:19:26Z},
  number = {5},
  urldate = {2015-04-26},
  journal = {Nature Genetics},
  author = {Zeggini, Eleftheria and Scott, Laura J and Saxena, Richa and Voight, Benjamin F and Marchini, Jonathan L and Hu, Tianle and {de Bakker}, Paul IW and Abecasis, Gon{\c c}alo R and Almgren, Peter and Andersen, Gitte and Ardlie, Kristin and Bostr{\"o}m, Kristina Bengtsson and Bergman, Richard N and Bonnycastle, Lori L and Borch-Johnsen, Knut and Burtt, No{\"e}l P and Chen, Hong and Chines, Peter S and Daly, Mark J and Deodhar, Parimal and Ding, Chia-Jen and Doney, Alex S F and Duren, William L and Elliott, Katherine S and Erdos, Michael R and Frayling, Timothy M and Freathy, Rachel M and Gianniny, Lauren and Grallert, Harald and Grarup, Niels and Groves, Christopher J and Guiducci, Candace and Hansen, Torben and Herder, Christian and Hitman, Graham A and Hughes, Thomas E and Isomaa, Bo and Jackson, Anne U and J{\o}rgensen, Torben and Kong, Augustine and Kubalanza, Kari and Kuruvilla, Finny G and Kuusisto, Johanna and Langenberg, Claudia and Lango, Hana and Lauritzen, Torsten and Li, Yun and Lindgren, Cecilia M and Lyssenko, Valeriya and Marvelle, Amanda F and Meisinger, Christa and Midthjell, Kristian and Mohlke, Karen L and Morken, Mario A and Morris, Andrew D and Narisu, Narisu and Nilsson, Peter and Owen, Katharine R and Palmer, Colin NA and Payne, Felicity and Perry, John R B and Pettersen, Elin and Platou, Carl and Prokopenko, Inga and Qi, Lu and Qin, Li and Rayner, Nigel W and Rees, Matthew and Roix, Jeffrey J and Sandb{\ae}k, Anelli and Shields, Beverley and Sj{\"o}gren, Marketa and Steinthorsdottir, Valgerdur and Stringham, Heather M and Swift, Amy J and Thorleifsson, Gudmar and Thorsteinsdottir, Unnur and Timpson, Nicholas J and Tuomi, Tiinamaija and Tuomilehto, Jaakko and Walker, Mark and Watanabe, Richard M and Weedon, Michael N and Willer, Cristen J and Illig, Thomas and Hveem, Kristian and Hu, Frank B and Laakso, Markku and Stefansson, Kari and Pedersen, Oluf and Wareham, Nicholas J and Barroso, In{\^e}s and Hattersley, Andrew T and Collins, Francis S and Groop, Leif and McCarthy, Mark I and Boehnke, Michael and Altshuler, David},
  month = may,
  year = {2008},
  pages = {638--645}
}

@article{mahajan_genome-wide_2014,
  title = {Genome-Wide Trans-Ancestry Meta-Analysis Provides Insight into the Genetic Architecture of Type 2 Diabetes Susceptibility},
  volume = {46},
  issn = {1061-4036, 1546-1718},
  doi = {10.1038/ng.2897},
  timestamp = {2015-09-08T13:19:26Z},
  number = {3},
  urldate = {2015-04-26},
  journal = {Nature Genetics},
  author = {Mahajan, Anubha and Go, Min Jin and Zhang, Weihua and Below, Jennifer E and Gaulton, Kyle J and Ferreira, Teresa and Horikoshi, Momoko and Johnson, Andrew D and Ng, Maggie C Y and Prokopenko, Inga and Saleheen, Danish and Wang, Xu and Zeggini, Eleftheria and Abecasis, Goncalo R and Adair, Linda S and Almgren, Peter and Atalay, Mustafa and Aung, Tin and Baldassarre, Damiano and Balkau, Beverley and Bao, Yuqian and Barnett, Anthony H and Barroso, Ines and Basit, Abdul and Been, Latonya F and Beilby, John and Bell, Graeme I and Benediktsson, Rafn and Bergman, Richard N and Boehm, Bernhard O and Boerwinkle, Eric and Bonnycastle, Lori L and Burtt, No{\"e}l and Cai, Qiuyin and Campbell, Harry and Carey, Jason and Cauchi, Stephane and Caulfield, Mark and Chan, Juliana C N and Chang, Li-Ching and Chang, Tien-Jyun and Chang, Yi-Cheng and Charpentier, Guillaume and Chen, Chien-Hsiun and Chen, Han and Chen, Yuan-Tsong and Chia, Kee-Seng and Chidambaram, Manickam and Chines, Peter S and Cho, Nam H and Cho, Young Min and Chuang, Lee-Ming and Collins, Francis S and Cornelis, Marilyn C and Couper, David J and Crenshaw, Andrew T and {van Dam}, Rob M and Danesh, John and Das, Debashish and {de Faire}, Ulf and Dedoussis, George and Deloukas, Panos and Dimas, Antigone S and Dina, Christian and Doney, Alex S F and Donnelly, Peter J and Dorkhan, Mozhgan and {van Duijn}, Cornelia and Dupuis, Jos{\'e}e and Edkins, Sarah and Elliott, Paul and Emilsson, Valur and Erbel, Raimund and Eriksson, Johan G and Escobedo, Jorge and Esko, Tonu and Eury, Elodie and Florez, Jose C and Fontanillas, Pierre and Forouhi, Nita G and Forsen, Tom and Fox, Caroline and Fraser, Ross M and Frayling, Timothy M and Froguel, Philippe and Frossard, Philippe and Gao, Yutang and Gertow, Karl and Gieger, Christian and Gigante, Bruna and Grallert, Harald and Grant, George B and Groop, Leif C and Groves, Christopher J and Grundberg, Elin and Guiducci, Candace and Hamsten, Anders and Han, Bok-Ghee and Hara, Kazuo and Hassanali, Neelam and Hattersley, Andrew T and Hayward, Caroline and Hedman, Asa K and Herder, Christian and Hofman, Albert and Holmen, Oddgeir L and Hovingh, Kees and Hreidarsson, Astradur B and Hu, Cheng and Hu, Frank B and Hui, Jennie and Humphries, Steve E and Hunt, Sarah E and Hunter, David J and Hveem, Kristian and Hydrie, Zafar I and Ikegami, Hiroshi and Illig, Thomas and Ingelsson, Erik and Islam, Muhammed and Isomaa, Bo and Jackson, Anne U and Jafar, Tazeen and James, Alan and Jia, Weiping and J{\"o}ckel, Karl-Heinz and Jonsson, Anna and Jowett, Jeremy B M and Kadowaki, Takashi and Kang, Hyun Min and Kanoni, Stavroula and Kao, Wen Hong L and Kathiresan, Sekar and Kato, Norihiro and Katulanda, Prasad and Keinanen-Kiukaanniemi, Sirkka M and Kelly, Ann M and Khan, Hassan and Khaw, Kay-Tee and Khor, Chiea-Chuen and Kim, Hyung-Lae and Kim, Sangsoo and Kim, Young Jin and Kinnunen, Leena and Klopp, Norman and Kong, Augustine and Korpi-Hy{\"o}v{\"a}lti, Eeva and Kowlessur, Sudhir and Kraft, Peter and Kravic, Jasmina and Kristensen, Malene M and Krithika, S and Kumar, Ashish and Kumate, Jesus and Kuusisto, Johanna and Kwak, Soo Heon and Laakso, Markku and Lagou, Vasiliki and Lakka, Timo A and Langenberg, Claudia and Langford, Cordelia and Lawrence, Robert and Leander, Karin and Lee, Jen-Mai and Lee, Nanette R and Li, Man and Li, Xinzhong and Li, Yun and Liang, Junbin and Liju, Samuel and Lim, Wei-Yen and Lind, Lars and Lindgren, Cecilia M and Lindholm, Eero and Liu, Ching-Ti and Liu, Jian Jun and Lobbens, St{\'e}phane and Long, Jirong and Loos, Ruth J F and Lu, Wei and Luan, Jian'an and Lyssenko, Valeriya and Ma, Ronald C W and Maeda, Shiro and M{\"a}gi, Reedik and M{\"a}nnist{\"o}, Satu and Matthews, David R and Meigs, James B and Melander, Olle and Metspalu, Andres and Meyer, Julia and Mirza, Ghazala and Mihailov, Evelin and Moebus, Susanne and Mohan, Viswanathan and Mohlke, Karen L and Morris, Andrew D and M{\"u}hleisen, Thomas W and M{\"u}ller-Nurasyid, Martina and Musk, Bill and Nakamura, Jiro and Nakashima, Eitaro and Navarro, Pau and Ng, Peng-Keat and Nica, Alexandra C and Nilsson, Peter M and Nj{\o}lstad, Inger and N{\"o}then, Markus M and Ohnaka, Keizo and Ong, Twee Hee and Owen, Katharine R and Palmer, Colin N A and Pankow, James S and Park, Kyong Soo and Parkin, Melissa and Pechlivanis, Sonali and Pedersen, Nancy L and Peltonen, Leena and Perry, John R B and Peters, Annette and Pinidiyapathirage, Janani M and Platou, Carl G P and Potter, Simon and Price, Jackie F and Qi, Lu and Radha, Venkatesan and Rallidis, Loukianos and Rasheed, Asif and Rathmann, Wolfgang and Rauramaa, Rainer and Raychaudhuri, Soumya and Rayner, N William and Rees, Simon D and Rehnberg, Emil and Ripatti, Samuli and Robertson, Neil and Roden, Michael and Rossin, Elizabeth J and Rudan, Igor and Rybin, Denis and Saaristo, Timo E and Salomaa, Veikko and Saltevo, Juha and Samuel, Maria and Sanghera, Dharambir K and Saramies, Jouko and Scott, James and Scott, Laura J and Scott, Robert A and Segr{\`e}, Ayellet V and Sehmi, Joban and Sennblad, Bengt and Shah, Nabi and Shah, Sonia and Shera, A Samad and Shu, Xiao Ou and Shuldiner, Alan R and Sigur{\dh}sson, Gunnar and Sijbrands, Eric and Silveira, Angela and Sim, Xueling and Sivapalaratnam, Suthesh and Small, Kerrin S and So, Wing Yee and Stan{\v c}{\'a}kov{\'a}, Alena and Stefansson, Kari and Steinbach, Gerald and Steinthorsdottir, Valgerdur and Stirrups, Kathleen and Strawbridge, Rona J and Stringham, Heather M and Sun, Qi and Suo, Chen and Syv{\"a}nen, Ann-Christine and Takayanagi, Ryoichi and Takeuchi, Fumihiko and Tay, Wan Ting and Teslovich, Tanya M and Thorand, Barbara and Thorleifsson, Gudmar and Thorsteinsdottir, Unnur and Tikkanen, Emmi and Trakalo, Joseph and Tremoli, Elena and Trip, Mieke D and Tsai, Fuu Jen and Tuomi, Tiinamaija and Tuomilehto, Jaakko and Uitterlinden, Andre G and Valladares-Salgado, Adan and Vedantam, Sailaja and Veglia, Fabrizio and Voight, Benjamin F and Wang, Congrong and Wareham, Nicholas J and Wennauer, Roman and Wickremasinghe, Ananda R and Wilsgaard, Tom and Wilson, James F and Wiltshire, Steven and Winckler, Wendy and Wong, Tien Yin and Wood, Andrew R and Wu, Jer-Yuarn and Wu, Ying and Yamamoto, Ken and Yamauchi, Toshimasa and Yang, Mingyu and Yengo, Loic and Yokota, Mitsuhiro and Young, Robin and Zabaneh, Delilah and Zhang, Fan and Zhang, Rong and Zheng, Wei and Zimmet, Paul Z and Altshuler, David and Bowden, Donald W and Cho, Yoon Shin and Cox, Nancy J and Cruz, Miguel and Hanis, Craig L and Kooner, Jaspal and Lee, Jong-Young and Seielstad, Mark and Teo, Yik Ying and Boehnke, Michael and Parra, Esteban J and Chambers, John C and Tai, E Shyong and McCarthy, Mark I and Morris, Andrew P},
  month = feb,
  year = {2014},
  pages = {234--244}
}

@article{perry_stratifying_2012,
  title = {Stratifying Type 2 Diabetes Cases by {{BMI}} Identfies Genetic Risk Variants in {{LAMA1}} and Enrichment for Risk Variants in Lean Compared to Obese Cases},
  volume = {8},
  timestamp = {2015-09-08T13:19:26Z},
  number = {5},
  journal = {PLoS Genetics},
  author = {Perry, John R.B. and {et al.}},
  year = {2012},
  pages = {e1002741}
}

@article{pal_genetics_2013,
  title = {The Genetics of Type 2 Diabetes and Its Clinical Relevance: {{The}} Genetics of {{T2D}} and Its Clinical Relevance},
  volume = {83},
  issn = {00099163},
  shorttitle = {The Genetics of Type 2 Diabetes and Its Clinical Relevance},
  doi = {10.1111/cge.12055},
  language = {en},
  timestamp = {2015-09-08T13:19:26Z},
  number = {4},
  urldate = {2015-04-09},
  journal = {Clinical Genetics},
  author = {Pal, A and McCarthy, Mi},
  month = apr,
  year = {2013},
  pages = {297--306}
}

@article{prasad_genetics_2015,
  title = {Genetics of {{Type}} 2 {{Diabetes}}\textemdash{}{{Pitfalls}} and {{Possibilities}}},
  volume = {6},
  issn = {2073-4425},
  doi = {10.3390/genes6010087},
  language = {en},
  timestamp = {2015-09-08T13:19:26Z},
  number = {1},
  urldate = {2015-04-17},
  journal = {Genes},
  author = {Prasad, Rashmi and Groop, Leif},
  month = mar,
  year = {2015},
  pages = {87--123}
}

@article{jensen_associations_2011,
  title = {Associations of {{Common Genetic Variants With Age}}-{{Related Changes}} in {{Fasting}} and {{Postload Glucose}}: {{Evidence From}} 18 {{Years}} of {{Follow}}-{{Up}} of the {{Whitehall II Cohort}}},
  volume = {60},
  issn = {0012-1797, 1939-327X},
  shorttitle = {Associations of {{Common Genetic Variants With Age}}-{{Related Changes}} in {{Fasting}} and {{Postload Glucose}}},
  doi = {10.2337/db10-1393},
  language = {en},
  timestamp = {2015-09-08T13:19:26Z},
  number = {5},
  urldate = {2015-04-20},
  journal = {Diabetes},
  author = {Jensen, A. C. and Barker, A. and Kumari, M. and Brunner, E. J. and Kivimaki, M. and Hingorani, A. D. and Wareham, N. J. and Tabak, A. G. and Witte, D. R. and Langenberg, C.},
  month = may,
  year = {2011},
  pages = {1617--1623}
}

@article{yaghootkar_recent_2013,
  title = {Recent Progress in the Use of Genetics to Understand Links between Type 2 Diabetes and Related Metabolic Traits},
  volume = {14},
  timestamp = {2017-06-06T12:00:33Z},
  number = {3},
  urldate = {2015-04-09},
  journal = {Genome biology},
  author = {Yaghootkar, Hanieh and Frayling, Timothy M.},
  year = {2013},
  pages = {203}
}

@article{prokopenko_variants_2009,
  title = {Variants in {{MTNR1B}} Influence Fasting Glucose Levels},
  volume = {41},
  issn = {1061-4036},
  doi = {10.1038/ng.290},
  timestamp = {2017-06-06T12:00:42Z},
  number = {1},
  urldate = {2015-04-26},
  journal = {Nature Genetics},
  author = {Prokopenko, Inga and Langenberg, Claudia and Florez, Jose C and Saxena, Richa and Soranzo, Nicole and Thorleifsson, Gudmar and Loos, Ruth J F and Manning, Alisa K and Jackson, Anne U and Aulchenko, Yurii and Potter, Simon C and Erdos, Michael R and Sanna, Serena and Hottenga, Jouke-Jan and Wheeler, Eleanor and Kaakinen, Marika and Lyssenko, Valeriya and Chen, Wei-Min and Ahmadi, Kourosh and Beckmann, Jacques S and Bergman, Richard N and Bochud, Murielle and Bonnycastle, Lori L and Buchanan, Thomas A and Cao, Antonio and Cervino, Alessandra and Coin, Lachlan and Collins, Francis S and Crisponi, Laura and {de Geus}, Eco J C and Dehghan, Abbas and Deloukas, Panos and Doney, Alex S F and Elliott, Paul and Freimer, Nelson and Gateva, Vesela and Herder, Christian and Hofman, Albert and Hughes, Thomas E and Hunt, Sarah and Illig, Thomas and Inouye, Michael and Isomaa, Bo and Johnson, Toby and Kong, Augustine and Krestyaninova, Maria and Kuusisto, Johanna and Laakso, Markku and Lim, Noha and Lindblad, Ulf and Lindgren, Cecilia M and McCann, Owen T and Mohlke, Karen L and Morris, Andrew D and Naitza, Silvia and Orr{\`u}, Marco and Palmer, Colin N A and Pouta, Anneli and Randall, Joshua and Rathmann, Wolfgang and Saramies, Jouko and Scheet, Paul and Scott, Laura J and Scuteri, Angelo and Sharp, Stephen and Sijbrands, Eric and Smit, Jan H and Song, Kijoung and Steinthorsdottir, Valgerdur and Stringham, Heather M and Tuomi, Tiinamaija and Tuomilehto, Jaakko and Uitterlinden, Andr{\'e} G and Voight, Benjamin F and Waterworth, Dawn and Wichmann, H-Erich and Willemsen, Gonneke and Witteman, Jacqueline C M and Yuan, Xin and Zhao, Jing Hua and Zeggini, Eleftheria and Schlessinger, David and Sandhu, Manjinder and Boomsma, Dorret I and Uda, Manuela and Spector, Tim D and Penninx, Brenda WJH and Altshuler, David and Vollenweider, Peter and Jarvelin, Marjo Riitta and Lakatta, Edward and Waeber, Gerard and Fox, Caroline S and Peltonen, Leena and Groop, Leif C and Mooser, Vincent and Cupples, L Adrienne and Thorsteinsdottir, Unnur and Boehnke, Michael and Barroso, In{\^e}s and Van Duijn, Cornelia and Dupuis, Jos{\'e}e and Watanabe, Richard M and Stefansson, Kari and McCarthy, Mark I and Wareham, Nicholas J and Meigs, James B and Abecasis, Gon{\c c}alo R},
  month = jan,
  year = {2009},
  keywords = {Blood Glucose,Case-Control Studies,Diabetes Mellitus; Type 2,Fasting,Genetic Predisposition to Disease,Genome-wide association study,Humans,Meta-Analysis as Topic,Polymorphism; Single Nucleotide,Quantitative trait loci,Receptor; Melatonin; MT2,Receptors; Melatonin},
  pages = {77--81}
}

@article{albuquerque_current_2015,
  title = {Current Review of Genetics of Human Obesity: From Molecular Mechanisms to an Evolutionary Perspective},
  issn = {1617-4615, 1617-4623},
  shorttitle = {Current Review of Genetics of Human Obesity},
  doi = {10.1007/s00438-015-1015-9},
  language = {en},
  timestamp = {2015-09-08T13:19:26Z},
  urldate = {2015-04-22},
  journal = {Molecular Genetics and Genomics},
  author = {Albuquerque, David and Stice, Eric and Rodr{\'\i}guez-L{\'o}pez, Raquel and Manco, Lic{\'\i}no and N{\'o}brega, Cl{\'e}vio},
  month = mar,
  year = {2015}
}

@article{bonnefond_rare_2015,
  title = {Rare and {{Common Genetic Events}} in {{Type}} 2 {{Diabetes}}: {{What Should Biologists Know}}?},
  volume = {21},
  issn = {15504131},
  shorttitle = {Rare and {{Common Genetic Events}} in {{Type}} 2 {{Diabetes}}},
  doi = {10.1016/j.cmet.2014.12.020},
  language = {en},
  timestamp = {2015-09-08T13:19:26Z},
  number = {3},
  urldate = {2015-04-02},
  journal = {Cell Metabolism},
  author = {Bonnefond, Am{\'e}lie and Froguel, Philippe},
  month = mar,
  year = {2015},
  pages = {357--368}
}

@article{dupuis_new_2010,
  title = {New Genetic Loci Implicated in Fasting Glucose Homeostasis and Their Impact on Type 2 Diabetes Risk},
  volume = {42},
  issn = {1061-4036, 1546-1718},
  doi = {10.1038/ng.520},
  timestamp = {2017-06-06T12:00:29Z},
  number = {2},
  urldate = {2015-04-09},
  journal = {Nature Genetics},
  author = {Dupuis, Jos{\'e}e and Langenberg, Claudia and Prokopenko, Inga and Saxena, Richa and Soranzo, Nicole and Jackson, Anne U and Wheeler, Eleanor and Glazer, Nicole L and Bouatia-Naji, Nabila and Gloyn, Anna L and Lindgren, Cecilia M and M{\"a}gi, Reedik and Morris, Andrew P and Randall, Joshua and Johnson, Toby and Elliott, Paul and Rybin, Denis and Thorleifsson, Gudmar and Steinthorsdottir, Valgerdur and Henneman, Peter and Grallert, Harald and Dehghan, Abbas and Hottenga, Jouke Jan and Franklin, Christopher S and Navarro, Pau and Song, Kijoung and Goel, Anuj and Perry, John R B and Egan, Josephine M and Lajunen, Taina and Grarup, Niels and Spars{\o}, Thomas and Doney, Alex and Voight, Benjamin F and Stringham, Heather M and Li, Man and Kanoni, Stavroula and Shrader, Peter and Cavalcanti-Proen{\c c}a, Christine and Kumari, Meena and Qi, Lu and Timpson, Nicholas J and Gieger, Christian and Zabena, Carina and Rocheleau, Ghislain and Ingelsson, Erik and An, Ping and O'Connell, Jeffrey and Luan, Jian'an and Elliott, Amanda and McCarroll, Steven A and Payne, Felicity and Roccasecca, Rosa Maria and Pattou, Fran{\c c}ois and Sethupathy, Praveen and Ardlie, Kristin and Ariyurek, Yavuz and Balkau, Beverley and Barter, Philip and Beilby, John P and Ben-Shlomo, Yoav and Benediktsson, Rafn and Bennett, Amanda J and Bergmann, Sven and Bochud, Murielle and Boerwinkle, Eric and Bonnefond, Am{\'e}lie and Bonnycastle, Lori L and Borch-Johnsen, Knut and B{\"o}ttcher, Yvonne and Brunner, Eric and Bumpstead, Suzannah J and Charpentier, Guillaume and Chen, Yii-Der Ida and Chines, Peter and Clarke, Robert and Coin, Lachlan J M and Cooper, Matthew N and Cornelis, Marilyn and Crawford, Gabe and Crisponi, Laura and Day, Ian N M and {de Geus}, Eco J C and Delplanque, Jerome and Dina, Christian and Erdos, Michael R and Fedson, Annette C and Fischer-Rosinsky, Antje and Forouhi, Nita G and Fox, Caroline S and Frants, Rune and Franzosi, Maria Grazia and Galan, Pilar and Goodarzi, Mark O and Graessler, J{\"u}rgen and Groves, Christopher J and Grundy, Scott and Gwilliam, Rhian and Gyllensten, Ulf and Hadjadj, Samy and Hallmans, G{\"o}ran and Hammond, Naomi and Han, Xijing and Hartikainen, Anna-Liisa and Hassanali, Neelam and Hayward, Caroline and Heath, Simon C and Hercberg, Serge and Herder, Christian and Hicks, Andrew A and Hillman, David R and Hingorani, Aroon D and Hofman, Albert and Hui, Jennie and Hung, Joe and Isomaa, Bo and Johnson, Paul R V and J{\o}rgensen, Torben and Jula, Antti and Kaakinen, Marika and Kaprio, Jaakko and Kesaniemi, Y Antero and Kivimaki, Mika and Knight, Beatrice and Koskinen, Seppo and Kovacs, Peter and Kyvik, Kirsten Ohm and Lathrop, G Mark and Lawlor, Debbie A and Le Bacquer, Olivier and Lecoeur, C{\'e}cile and Li, Yun and Lyssenko, Valeriya and Mahley, Robert and Mangino, Massimo and Manning, Alisa K and Mart{\'\i}nez-Larrad, Mar{\'\i}a Teresa and McAteer, Jarred B and McCulloch, Laura J and McPherson, Ruth and Meisinger, Christa and Melzer, David and Meyre, David and Mitchell, Braxton D and Morken, Mario A and Mukherjee, Sutapa and Naitza, Silvia and Narisu, Narisu and Neville, Matthew J and Oostra, Ben A and Orr{\`u}, Marco and Pakyz, Ruth and Palmer, Colin N A and Paolisso, Giuseppe and Pattaro, Cristian and Pearson, Daniel and Peden, John F and Pedersen, Nancy L and Perola, Markus and Pfeiffer, Andreas F H and Pichler, Irene and Polasek, Ozren and Posthuma, Danielle and Potter, Simon C and Pouta, Anneli and Province, Michael A and Psaty, Bruce M and Rathmann, Wolfgang and Rayner, Nigel W and Rice, Kenneth and Ripatti, Samuli and Rivadeneira, Fernando and Roden, Michael and Rolandsson, Olov and Sandbaek, Annelli and Sandhu, Manjinder and Sanna, Serena and Sayer, Avan Aihie and Scheet, Paul and Scott, Laura J and Seedorf, Udo and Sharp, Stephen J and Shields, Beverley and Sigur{\dh}sson, Gunnar and Sijbrands, Eric J G and Silveira, Angela and Simpson, Laila and Singleton, Andrew and Smith, Nicholas L and Sovio, Ulla and Swift, Amy and Syddall, Holly and Syv{\"a}nen, Ann-Christine and Tanaka, Toshiko and Thorand, Barbara and Tichet, Jean and T{\"o}njes, Anke and Tuomi, Tiinamaija and Uitterlinden, Andr{\'e} G and {van Dijk}, Ko Willems and {van Hoek}, Mandy and Varma, Dhiraj and Visvikis-Siest, Sophie and Vitart, Veronique and Vogelzangs, Nicole and Waeber, G{\'e}rard and Wagner, Peter J and Walley, Andrew and Walters, G Bragi and Ward, Kim L and Watkins, Hugh and Weedon, Michael N and Wild, Sarah H and Willemsen, Gonneke and Witteman, Jaqueline C M and Yarnell, John W G and Zeggini, Eleftheria and Zelenika, Diana and Zethelius, Bj{\"o}rn and Zhai, Guangju and Zhao, Jing Hua and Zillikens, M Carola and Borecki, Ingrid B and Loos, Ruth J F and Meneton, Pierre and Magnusson, Patrik K E and Nathan, David M and Williams, Gordon H and Hattersley, Andrew T and Silander, Kaisa and Salomaa, Veikko and Smith, George Davey and Bornstein, Stefan R and Schwarz, Peter and Spranger, Joachim and Karpe, Fredrik and Shuldiner, Alan R and Cooper, Cyrus and Dedoussis, George V and Serrano-R{\'\i}os, Manuel and Morris, Andrew D and Lind, Lars and Palmer, Lyle J and Hu, Frank B and Franks, Paul W and Ebrahim, Shah and Marmot, Michael and Kao, W H Linda and Pankow, James S and Sampson, Michael J and Kuusisto, Johanna and Laakso, Markku and Hansen, Torben and Pedersen, Oluf and Pramstaller, Peter Paul and Wichmann, H Erich and Illig, Thomas and Rudan, Igor and Wright, Alan F and Stumvoll, Michael and Campbell, Harry and Wilson, James F and Bergman, Richard N and Buchanan, Thomas A and Collins, Francis S and Mohlke, Karen L and Tuomilehto, Jaakko and Valle, Timo T and Altshuler, David and Rotter, Jerome I and Siscovick, David S and Penninx, Brenda W J H and Boomsma, Dorret I and Deloukas, Panos and Spector, Timothy D and Frayling, Timothy M and Ferrucci, Luigi and Kong, Augustine and Thorsteinsdottir, Unnur and Stefansson, Kari and {van Duijn}, Cornelia M and Aulchenko, Yurii S and Cao, Antonio and Scuteri, Angelo and Schlessinger, David and Uda, Manuela and Ruokonen, Aimo and Jarvelin, Marjo-Riitta and Waterworth, Dawn M and Vollenweider, Peter and Peltonen, Leena and Mooser, Vincent and Abecasis, Goncalo R and Wareham, Nicholas J and Sladek, Robert and Froguel, Philippe and Watanabe, Richard M and Meigs, James B and Groop, Leif and Boehnke, Michael and McCarthy, Mark I and Florez, Jose C and Barroso, In{\^e}s},
  month = feb,
  year = {2010},
  keywords = {Adolescent,Adult,Alleles,Blood Glucose,Child,Databases; Genetic,Diabetes Mellitus; Type 2,DNA Copy Number Variations,Fasting,Gene Expression Regulation,Genetic Loci,Genetic Predisposition to Disease,Genome-wide association study,Homeostasis,Humans,Meta-Analysis as Topic,Polymorphism; Single Nucleotide,Quantitative Trait; Heritable,Quantitative trait loci,Reproducibility of Results},
  pages = {105--116}
}

@article{apalasamy_obesity_2015,
  title = {Obesity and Genomics: Role of Technology in Unraveling the Complex Genetic Architecture of Obesity},
  volume = {134},
  issn = {0340-6717, 1432-1203},
  shorttitle = {Obesity and Genomics},
  doi = {10.1007/s00439-015-1533-x},
  language = {en},
  timestamp = {2015-09-08T13:19:26Z},
  number = {4},
  urldate = {2015-04-22},
  journal = {Human Genetics},
  author = {Apalasamy, Yamunah Devi and Mohamed, Zahurin},
  month = apr,
  year = {2015},
  pages = {361--374}
}

@article{voight_metabochip_2012,
  title = {The {{Metabochip}}, a {{Custom Genotyping Array}} for {{Genetic Studies}} of {{Metabolic}}, {{Cardiovascular}}, and {{Anthropometric Traits}}},
  volume = {8},
  issn = {1553-7404},
  doi = {10.1371/journal.pgen.1002793},
  language = {en},
  timestamp = {2016-02-18T09:35:58Z},
  number = {8},
  urldate = {2015-04-09},
  journal = {PLoS Genetics},
  author = {Voight, Benjamin F. and Kang, Hyun Min and Ding, Jun and Palmer, Cameron D. and Sidore, Carlo and Chines, Peter S. and Burtt, No{\"e}l P. and Fuchsberger, Christian and Li, Yanming and Erdmann, Jeanette and Frayling, Timothy M. and Heid, Iris M. and Jackson, Anne U. and Johnson, Toby and Kilpel{\"a}inen, Tuomas O. and Lindgren, Cecilia M. and Morris, Andrew P. and Prokopenko, Inga and Randall, Joshua C. and Saxena, Richa and Soranzo, Nicole and Speliotes, Elizabeth K. and Teslovich, Tanya M. and Wheeler, Eleanor and Maguire, Jared and Parkin, Melissa and Potter, Simon and Rayner, N. William and Robertson, Neil and Stirrups, Kathleen and Winckler, Wendy and Sanna, Serena and Mulas, Antonella and Nagaraja, Ramaiah and Cucca, Francesco and Barroso, In{\^e}s and Deloukas, Panos and Loos, Ruth J. F. and Kathiresan, Sekar and Munroe, Patricia B. and Newton-Cheh, Christopher and Pfeufer, Arne and Samani, Nilesh J. and Schunkert, Heribert and Hirschhorn, Joel N. and Altshuler, David and McCarthy, Mark I. and Abecasis, Gon{\c c}alo R. and Boehnke, Michael},
  editor = {Gibson, Greg},
  month = aug,
  year = {2012},
  pages = {e1002793}
}

@article{visscher_five_2012,
  title = {Five {{Years}} of {{GWAS Discovery}}},
  volume = {90},
  issn = {00029297},
  doi = {10.1016/j.ajhg.2011.11.029},
  language = {en},
  timestamp = {2015-09-08T13:19:26Z},
  number = {1},
  urldate = {2015-04-26},
  journal = {The American Journal of Human Genetics},
  author = {Visscher, Peter~M. and Brown, Matthew~A. and McCarthy, Mark~I. and Yang, Jian},
  month = jan,
  year = {2012},
  pages = {7--24}
}

@article{rung_genetic_2009,
  title = {Genetic Variant near {{IRS1}} Is Associated with Type 2 Diabetes, Insulin Resistance and Hyperinsulinemia},
  volume = {41},
  issn = {1061-4036, 1546-1718},
  doi = {10.1038/ng.443},
  timestamp = {2016-02-18T09:35:41Z},
  number = {10},
  urldate = {2015-04-09},
  journal = {Nature Genetics},
  author = {Rung, Johan and Cauchi, St{\'e}phane and Albrechtsen, Anders and Shen, Lishuang and Rocheleau, Ghislain and Cavalcanti-Proen{\c c}a, Christine and Bacot, Fran{\c c}ois and Balkau, Beverley and Belisle, Alexandre and Borch-Johnsen, Knut and Charpentier, Guillaume and Dina, Christian and Durand, Emmanuelle and Elliott, Paul and Hadjadj, Samy and J{\"a}rvelin, Marjo-Riitta and Laitinen, Jaana and Lauritzen, Torsten and Marre, Michel and Mazur, Alexander and Meyre, David and Montpetit, Alexandre and Pisinger, Charlotta and Posner, Barry and Poulsen, Pernille and Pouta, Anneli and Prentki, Marc and Ribel-Madsen, Rasmus and Ruokonen, Aimo and Sandbaek, Anelli and Serre, David and Tichet, Jean and Vaxillaire, Martine and Wojtaszewski, J{\o}rgen F P and Vaag, Allan and Hansen, Torben and Polychronakos, Constantin and Pedersen, Oluf and Froguel, Philippe and Sladek, Robert},
  month = oct,
  year = {2009},
  keywords = {Adult,Alleles,Biopsy,Diabetes Mellitus; Type 2,European Continental Ancestry Group,Female,Genome; Human,Genome-wide association study,Humans,Hyperinsulinism,Insulin Receptor Substrate Proteins,Insulin resistance,Male,Middle Aged,Muscle; Skeletal,Phosphatidylinositol 3-Kinases,Polymorphism; Single Nucleotide},
  pages = {1110--1115}
}

@article{chen_variations_2008,
  title = {Variations in the {{G6PC2}}/{{ABCB11}} Genomic Region Are Associated with Fasting Glucose Levels},
  volume = {118},
  issn = {0021-9738},
  language = {en},
  timestamp = {2015-09-08T13:19:26Z},
  urldate = {2015-04-26},
  journal = {Journal of Clinical Investigation},
  author = {Chen, Wei-Min and Erdos, Michael R. and Jackson, Anne U. and Saxena, Richa and Sanna, Serena and Silver, Kristi D. and Timpson, Nicholas J. and Hansen, Torben and Orr{\`u}, Marco and Grazia Piras, Maria and Bonnycastle, Lori L. and Willer, Cristen J. and Lyssenko, Valeriya and Shen, Haiqing and Kuusisto, Johanna and Ebrahim, Shah and Sestu, Natascia and Duren, William L. and Spada, Maria Cristina and Stringham, Heather M. and Scott, Laura J. and Olla, Nazario and Swift, Amy J. and Najjar, Samer and Mitchell, Braxton D. and Lawlor, Debbie A. and Smith, George Davey and Ben-Shlomo, Yoav and Andersen, Gitte and Borch-Johnsen, Knut and J{\o}rgensen, Torben and Saramies, Jouko and Valle, Timo T. and Buchanan, Thomas A. and Shuldiner, Alan R. and Lakatta, Edward and Bergman, Richard N. and Uda, Manuela and Tuomilehto, Jaakko and Pedersen, Oluf and Cao, Antonio and Groop, Leif and Mohlke, Karen L. and Laakso, Markku and Schlessinger, David and Collins, Francis S. and Altshuler, David and Abecasis, Gon{\c c}alo R. and Boehnke, Michael and Scuteri, Angelo and Watanabe, Richard M.},
  month = jun,
  year = {2008},
  pages = {2620--8}
}

@article{morris_large-scale_2012,
  title = {Large-Scale Association Analysis Provides Insights into the Genetic Architecture and Pathophysiology of Type 2 Diabetes},
  volume = {44},
  issn = {1061-4036, 1546-1718},
  doi = {10.1038/ng.2383},
  timestamp = {2016-02-18T09:35:50Z},
  number = {9},
  urldate = {2015-04-09},
  journal = {Nature Genetics},
  author = {Morris, Andrew P and Voight, Benjamin F and Teslovich, Tanya M and Ferreira, Teresa and Segr{\`e}, Ayellet V and Steinthorsdottir, Valgerdur and Strawbridge, Rona J and Khan, Hassan and Grallert, Harald and Mahajan, Anubha and Prokopenko, Inga and Kang, Hyun Min and Dina, Christian and Esko, Tonu and Fraser, Ross M and Kanoni, Stavroula and Kumar, Ashish and Lagou, Vasiliki and Langenberg, Claudia and Luan, Jian'an and Lindgren, Cecilia M and M{\"u}ller-Nurasyid, Martina and Pechlivanis, Sonali and Rayner, N William and Scott, Laura J and Wiltshire, Steven and Yengo, Loic and Kinnunen, Leena and Rossin, Elizabeth J and Raychaudhuri, Soumya and Johnson, Andrew D and Dimas, Antigone S and Loos, Ruth J F and Vedantam, Sailaja and Chen, Han and Florez, Jose C and Fox, Caroline and Liu, Ching-Ti and Rybin, Denis and Couper, David J and Kao, Wen Hong L and Li, Man and Cornelis, Marilyn C and Kraft, Peter and Sun, Qi and {van Dam}, Rob M and Stringham, Heather M and Chines, Peter S and Fischer, Krista and Fontanillas, Pierre and Holmen, Oddgeir L and Hunt, Sarah E and Jackson, Anne U and Kong, Augustine and Lawrence, Robert and Meyer, Julia and Perry, John R B and Platou, Carl G P and Potter, Simon and Rehnberg, Emil and Robertson, Neil and Sivapalaratnam, Suthesh and Stan{\v c}{\'a}kov{\'a}, Alena and Stirrups, Kathleen and Thorleifsson, Gudmar and Tikkanen, Emmi and Wood, Andrew R and Almgren, Peter and Atalay, Mustafa and Benediktsson, Rafn and Bonnycastle, Lori L and Burtt, No{\"e}l and Carey, Jason and Charpentier, Guillaume and Crenshaw, Andrew T and Doney, Alex S F and Dorkhan, Mozhgan and Edkins, Sarah and Emilsson, Valur and Eury, Elodie and Forsen, Tom and Gertow, Karl and Gigante, Bruna and Grant, George B and Groves, Christopher J and Guiducci, Candace and Herder, Christian and Hreidarsson, Astradur B and Hui, Jennie and James, Alan and Jonsson, Anna and Rathmann, Wolfgang and Klopp, Norman and Kravic, Jasmina and Krjut{\v s}kov, Kaarel and Langford, Cordelia and Leander, Karin and Lindholm, Eero and Lobbens, St{\'e}phane and M{\"a}nnist{\"o}, Satu and Mirza, Ghazala and M{\"u}hleisen, Thomas W and Musk, Bill and Parkin, Melissa and Rallidis, Loukianos and Saramies, Jouko and Sennblad, Bengt and Shah, Sonia and Sigur{\dh}sson, Gunnar and Silveira, Angela and Steinbach, Gerald and Thorand, Barbara and Trakalo, Joseph and Veglia, Fabrizio and Wennauer, Roman and Winckler, Wendy and Zabaneh, Delilah and Campbell, Harry and {van Duijn}, Cornelia and Uitterlinden, Andre G and Hofman, Albert and Sijbrands, Eric and Abecasis, Goncalo R and Owen, Katharine R and Zeggini, Eleftheria and Trip, Mieke D and Forouhi, Nita G and Syv{\"a}nen, Ann-Christine and Eriksson, Johan G and Peltonen, Leena and N{\"o}then, Markus M and Balkau, Beverley and Palmer, Colin N A and Lyssenko, Valeriya and Tuomi, Tiinamaija and Isomaa, Bo and Hunter, David J and Qi, Lu and Shuldiner, Alan R and Roden, Michael and Barroso, Ines and Wilsgaard, Tom and Beilby, John and Hovingh, Kees and Price, Jackie F and Wilson, James F and Rauramaa, Rainer and Lakka, Timo A and Lind, Lars and Dedoussis, George and Nj{\o}lstad, Inger and Pedersen, Nancy L and Khaw, Kay-Tee and Wareham, Nicholas J and Keinanen-Kiukaanniemi, Sirkka M and Saaristo, Timo E and Korpi-Hy{\"o}v{\"a}lti, Eeva and Saltevo, Juha and Laakso, Markku and Kuusisto, Johanna and Metspalu, Andres and Collins, Francis S and Mohlke, Karen L and Bergman, Richard N and Tuomilehto, Jaakko and Boehm, Bernhard O and Gieger, Christian and Hveem, Kristian and Cauchi, Stephane and Froguel, Philippe and Baldassarre, Damiano and Tremoli, Elena and Humphries, Steve E and Saleheen, Danish and Danesh, John and Ingelsson, Erik and Ripatti, Samuli and Salomaa, Veikko and Erbel, Raimund and J{\"o}ckel, Karl-Heinz and Moebus, Susanne and Peters, Annette and Illig, Thomas and {de Faire}, Ulf and Hamsten, Anders and Morris, Andrew D and Donnelly, Peter J and Frayling, Timothy M and Hattersley, Andrew T and Boerwinkle, Eric and Melander, Olle and Kathiresan, Sekar and Nilsson, Peter M and Deloukas, Panos and Thorsteinsdottir, Unnur and Groop, Leif C and Stefansson, Kari and Hu, Frank and Pankow, James S and Dupuis, Jos{\'e}e and Meigs, James B and Altshuler, David and Boehnke, Michael and McCarthy, Mark I},
  month = aug,
  year = {2012},
  pages = {981--990}
}

@article{sladek_genome-wide_2007,
  title = {A Genome-Wide Association Study Identifies Novel Risk Loci for Type 2 Diabetes},
  volume = {445},
  issn = {0028-0836, 1476-4687},
  doi = {10.1038/nature05616},
  timestamp = {2017-06-06T11:59:51Z},
  number = {7130},
  urldate = {2015-04-09},
  journal = {Nature},
  author = {Sladek, Robert and Rocheleau, Ghislain and Rung, Johan and Dina, Christian and Shen, Lishuang and Serre, David and Boutin, Philippe and Vincent, Daniel and Belisle, Alexandre and Hadjadj, Samy and Balkau, Beverley and Heude, Barbara and Charpentier, Guillaume and Hudson, Thomas J. and Montpetit, Alexandre and Pshezhetsky, Alexey V. and Prentki, Marc and Posner, Barry I. and Balding, David J. and Meyre, David and Polychronakos, Constantin and Froguel, Philippe},
  month = feb,
  year = {2007},
  keywords = {Case-Control Studies,Cation Transport Proteins,Chromosomes; Human; Pair 8,Chromosomes; Human; Pair 10,Diabetes Mellitus; Type 2,France,Genetic Predisposition to Disease,Genome; Human,Humans,Linkage Disequilibrium},
  pages = {881--885}
}

@article{chen_joint_2014,
  title = {Joint Modeling of Longitudinal and Survival Data with Missing and Left-Censored Time-Varying Covariates},
  volume = {33},
  issn = {0277-6715},
  doi = {10.1002/sim.6242},
  language = {English},
  timestamp = {2015-09-10T09:46:41Z},
  number = {26},
  journal = {Statistics in Medicine},
  author = {Chen, Qingxia and May, Ryan C. and Ibrahim, Joseph G. and Chu, Haitao and Cole, Stephen R.},
  month = nov,
  year = {2014},
  note = {WOS:000345639700005},
  keywords = {aids,controlled-trial,detection limit,drop-out,hiv-infection,inference,joint modeling,missing data,mixture-models,Multicenter Aids Cohort   Study,regression-models,subject,to-event data,variables},
  pages = {4560--4576}
}

@article{zhang_assessing_2014,
  title = {Assessing Model Fit in Joint Models of Longitudinal and Survival Data with Applications to Cancer Clinical Trials},
  volume = {33},
  issn = {0277-6715},
  doi = {10.1002/sim.6269},
  language = {English},
  timestamp = {2015-09-10T09:46:41Z},
  number = {27},
  journal = {Statistics in Medicine},
  author = {Zhang, Danjie and Chen, Ming-Hui and Ibrahim, Joseph G. and Boye, Mark E. and Wang, Ping and Shen, Wei},
  month = nov,
  year = {2014},
  note = {WOS:000344626000004},
  keywords = {aic,aids,bic,cd4 counts,error,event data,lung-cancer,malignant pleural mesothelioma,patient-reported outcome (PRO),patient-reported outcomes,phase-iii,shared parameter model,time,time-varying covariates model,trajectory model,vaccine   trials},
  pages = {4715--4733}
}

@article{rizopoulos_bayesian_2011,
  title = {A {{Bayesian}} Semiparametric Multivariate Joint Model for Multiple Longitudinal Outcomes and a Time-to-Event},
  volume = {30},
  issn = {0277-6715},
  doi = {10.1002/sim.4205},
  language = {English},
  timestamp = {2015-09-10T09:46:41Z},
  number = {12},
  journal = {Statistics in Medicine},
  author = {Rizopoulos, Dimitris and Ghosh, Pulak},
  month = may,
  year = {2011},
  note = {WOS:000290470200004},
  keywords = {binary data,definition,Dirichlet process prior,dropout,inference,priors,shared parameter model,shared parameter models,splines,Survival Analysis,survival-data,Time-dependent covariates},
  pages = {1366--1380}
}

@book{mendes_proportional_2012,
  address = {Piscataway},
  title = {Proportional Hazard Model for Time-Dependent Covariates with Repeated Events},
  isbn = {978-0-9763486-8-9},
  language = {English},
  timestamp = {2015-09-10T09:46:41Z},
  publisher = {{Int Soc Sci Appl Technol}},
  author = {Mendes, Alexandre and Fard, Nasser},
  editor = {Pham, H.},
  year = {2012},
  note = {WOS:000316157500051},
  keywords = {Cox model,Proportional hazard model,regression,repeated events,Time-dependent covariates}
}

@article{johnson_introduction_2007,
  title = {An {{Introduction}} to {{Survival Analysis}}},
  doi = {10.1016/B978-012369440-9/50024-4},
  language = {English},
  timestamp = {2015-09-10T09:46:41Z},
  journal = {Principles and Practice of Clinical Research, 2nd Edition},
  author = {Johnson, Laura Lee and Shih, Joanna H.},
  editor = {Gallin, J. I. and Ognibene, F. P.},
  year = {2007},
  note = {WOS:000311278900021},
  keywords = {hazards regression-model,trial},
  pages = {273--282}
}

@article{sylvestre_comparison_2008,
  title = {Comparison of Algorithms to Generate Event Times Conditional on Time-Dependent Covariates},
  volume = {27},
  issn = {0277-6715},
  doi = {10.1002/sim.3092},
  language = {English},
  timestamp = {2015-09-10T09:46:41Z},
  number = {14},
  journal = {Statistics in Medicine},
  author = {Sylvestre, Marie-Pierre and Abrahamowicz, Michal},
  month = jun,
  year = {2008},
  note = {WOS:000256764300008},
  keywords = {algorithms,coxs,hazard ratio,proportional   hazards model,regression-models,rejection sampling,Simulation,simulations,survival,Survival Analysis,Time-dependent covariates},
  pages = {2618--2634}
}

@article{wang_sample_2014,
  title = {Sample Size Calculation for the Proportional Hazards Model with a Time-Dependent Covariate},
  volume = {74},
  issn = {0167-9473},
  doi = {10.1016/j.csda.2014.01.018},
  language = {English},
  timestamp = {2015-09-10T09:46:41Z},
  journal = {Computational Statistics \& Data Analysis},
  author = {Wang, Songfeng and Zhang, Jiajia and Lu, Wenbin},
  month = jun,
  year = {2014},
  note = {WOS:000333781500017},
  keywords = {blood-pressure,hiv-infection,Log-rank test,multicenter aids cohort,Power,proportional hazards model,regression-model,sample size,survival-data,tests,time-dependent covariate},
  pages = {217--227}
}

@article{rizopoulos_combining_2014,
  title = {Combining {{Dynamic Predictions From Joint Models}} for {{Longitudinal}} and {{Time}}-to-{{Event Data Using Bayesian Model Averaging}}},
  volume = {109},
  issn = {0162-1459},
  doi = {10.1080/01621459.2014.931236},
  language = {English},
  timestamp = {2015-09-10T09:46:41Z},
  number = {508},
  journal = {Journal of the American Statistical Association},
  author = {Rizopoulos, Dimitris and Hatfield, Laura A. and Carlin, Bradley P. and Takkenberg, Johanna J. M.},
  month = dec,
  year = {2014},
  note = {WOS:000346797000007},
  keywords = {markers,Prognostic modeling,prostate-cancer,Random effects,Risk prediction,survival-data,time-dependent   covariates},
  pages = {1385--1397}
}

@article{rizopoulos_r_2014,
  title = {The {{R Package JMbayes}} for {{Fitting Joint Models}} for {{Longitudinal}} and {{Time}}-to-{{Event Data}} Using {{MCMC}}},
  timestamp = {2015-10-23T08:31:53Z},
  archivePrefix = {arXiv},
  eprinttype = {arxiv},
  eprint = {1404.7625},
  primaryClass = {stat},
  urldate = {2015-10-23},
  journal = {arXiv:1404.7625 [stat]},
  author = {Rizopoulos, Dimitris},
  month = apr,
  year = {2014},
  keywords = {Statistics - Applications,Statistics - Computation}
}

@article{verbeke_effect_2007,
  title = {The Effect of Miss-Specified Baseline Characteristics on Inference for Longitudinal Trends in Linear Mixed Models},
  volume = {8},
  issn = {1465-4644, 1468-4357},
  doi = {10.1093/biostatistics/kxm004},
  language = {en},
  timestamp = {2015-10-25T11:03:53Z},
  number = {4},
  urldate = {2015-10-25},
  journal = {Biostatistics},
  author = {Verbeke, Geert and Fieuws, Steffen},
  month = oct,
  year = {2007},
  keywords = {Baseline characteristics,Growth curve model,Linear mixed model,longitudinal data,Longitudinal trends},
  pages = {772--783},
  pmid = {17384079}
}

@article{he_set-based_2015,
  title = {Set-Based Tests for Genetic Association in Longitudinal Studies: {{Set}}-{{Based Tests}} for {{Genetic Association}} in {{Longitudinal Studies}}},
  volume = {71},
  issn = {0006341X},
  shorttitle = {Set-Based Tests for Genetic Association in Longitudinal Studies},
  doi = {10.1111/biom.12310},
  language = {en},
  timestamp = {2015-10-25T13:56:55Z},
  number = {3},
  urldate = {2015-10-25},
  journal = {Biometrics},
  author = {He, Zihuai and Zhang, Min and Lee, Seunggeun and Smith, Jennifer A. and Guo, Xiuqing and Palmas, Walter and Kardia, Sharon L. R. and Roux, Ana V. Diez and Mukherjee, Bhramar},
  month = sep,
  year = {2015},
  pages = {606--615}
}

@article{gauderman_longitudinal_2003,
  title = {Longitudinal Data Analysis in Pedigree Studies},
  volume = {25},
  issn = {0741-0395, 1098-2272},
  doi = {10.1002/gepi.10280},
  language = {en},
  timestamp = {2015-10-26T09:59:06Z},
  number = {S1},
  urldate = {2015-10-26},
  journal = {Genetic Epidemiology},
  author = {Gauderman, W. James and Macgregor, Stuart and Briollais, Laurent and Scurrah, Katrina and Tobin, Martin and Park, Taesung and Wang, Dai and Rao, Shaoqi and John, Sally and Bull, Shelley},
  year = {2003},
  pages = {S18--S28}
}

@book{little_statistical_2002,
  address = {Hoboken, NJ, USA},
  title = {Statistical {{Analysis}} with {{Missing Data}}: {{Little}}/{{Statistical Analysis}} with {{Missing Data}}},
  isbn = {978-1-119-01356-3 978-0-471-18386-0},
  shorttitle = {Statistical {{Analysis}} with {{Missing Data}}},
  language = {en},
  timestamp = {2015-10-26T10:33:28Z},
  urldate = {2015-10-26},
  publisher = {{John Wiley \& Sons, Inc.}},
  author = {Little, Roderick J. A. and Rubin, Donald B.},
  month = aug,
  year = {2002}
}

@book{world_health_organization_definition_2006,
  title = {Definition and Diagnosis of Diabetes Mellitus and Intermediate Hyperglycaemia: Report of a {{WHO}}/{{IDF}} Consultation},
  isbn = {978-92-4-159493-6},
  shorttitle = {Definition and Diagnosis of Diabetes Mellitus and Intermediate Hyperglycaemia},
  language = {English},
  timestamp = {2016-01-08T10:04:27Z},
  urldate = {2016-01-08},
  author = {{World Health Organization} and {International Diabetes Federation}},
  year = {2006}
}

@misc{_fre-fr_????,
  title = {Fre-{{FR}} / {{Etude}} Longitudinale "{{Donn{\'e}es Epid{\'e}miologiques}} Sur Le Syndrome d'insulino-R{\'e}sistance" / {{Portail Epidemiologie}} - {{France}}},
  timestamp = {2016-01-28T09:21:20Z},
  urldate = {2016-01-28},
  howpublished = {\url{https://epidemiologie-france.aviesan.fr/epidemiologie-france/fiches/etude-longitudinale-donnees-epidemiologiques-sur-le-syndrome-d-insulino-resistance/fre-fr}}
}

@book{van_montfort_longitudinal_2010,
  address = {Berlin, Heidelberg},
  title = {Longitudinal {{Research}} with {{Latent Variables}}},
  isbn = {978-3-642-11759-6 978-3-642-11760-2},
  language = {en},
  timestamp = {2016-04-07T08:43:24Z},
  urldate = {2016-04-07},
  publisher = {{Springer Berlin Heidelberg}},
  editor = {{van Montfort}, Kees and Oud, Johan H.L. and Satorra, Albert},
  year = {2010}
}

@book{sutradhar_dynamic_2011,
  address = {New York, NY},
  series = {Springer Series in Statistics},
  title = {Dynamic {{Mixed Models}} for {{Familial Longitudinal Data}}},
  isbn = {978-1-4419-8341-1 978-1-4419-8342-8},
  timestamp = {2016-04-07T08:43:24Z},
  urldate = {2016-04-07},
  publisher = {{Springer New York}},
  author = {Sutradhar, Brajendra C.},
  year = {2011}
}

@book{ziegler_generalized_2011,
  address = {New York, NY},
  series = {Lecture Notes in Statistics},
  title = {Generalized {{Estimating Equations}}},
  volume = {204},
  isbn = {978-1-4614-0498-9 978-1-4614-0499-6},
  timestamp = {2016-04-07T08:43:24Z},
  urldate = {2016-04-07},
  publisher = {{Springer New York}},
  author = {Ziegler, Andreas},
  year = {2011}
}

@book{di_ciaccio_advanced_2012,
  address = {Berlin, Heidelberg},
  title = {Advanced {{Statistical Methods}} for the {{Analysis}} of {{Large Data}}-{{Sets}}},
  isbn = {978-3-642-21036-5 978-3-642-21037-2},
  language = {en},
  timestamp = {2016-04-07T08:43:24Z},
  urldate = {2016-04-07},
  publisher = {{Springer Berlin Heidelberg}},
  editor = {Di Ciaccio, Agostino and Coli, Mauro and Angulo Ibanez, Jose Miguel},
  year = {2012}
}

@book{eddelbuettel_seamless_2013,
  address = {New York, NY},
  title = {Seamless {{R}} and {{C}}++ {{Integration}} with {{Rcpp}}},
  isbn = {978-1-4614-6867-7 978-1-4614-6868-4},
  language = {en},
  timestamp = {2016-04-07T08:43:24Z},
  urldate = {2016-04-07},
  publisher = {{Springer New York}},
  author = {Eddelbuettel, Dirk},
  year = {2013}
}

@book{_permutation_2005,
  address = {New York},
  series = {Springer Series in Statistics},
  title = {Permutation, {{Parametric}} and {{Bootstrap Tests}} of {{Hypotheses}}},
  isbn = {978-0-387-20279-2},
  language = {en},
  timestamp = {2016-04-07T08:43:24Z},
  urldate = {2016-04-07},
  publisher = {{Springer-Verlag}},
  year = {2005}
}

@article{_2015_2015,
  title = {The 2015 {{Annual Meeting}} of the {{International Genetic Epidemiology Society}}},
  volume = {39},
  issn = {1098-2272},
  doi = {10.1002/gepi.21916},
  language = {en},
  timestamp = {2016-06-14T08:43:31Z},
  number = {7},
  urldate = {2016-06-14},
  journal = {Genetic Epidemiology},
  month = nov,
  year = {2015},
  pages = {529--599}
}

@article{_smpgd_????,
  title = {{{SMPGD}} 2016: {{Statistical Methods}} for {{Post Genomic Data}}},
  timestamp = {2016-06-14T08:45:39Z},
  urldate = {2016-06-14}
}

@misc{_allocation_????,
  title = {Allocation {{Lilly}} \& {{SFD}} 2015},
  timestamp = {2016-06-14T08:51:23Z},
  urldate = {2016-06-14},
  howpublished = {\url{http://www.sfdiabete.org/medical/la-recherche/laureats-sfd/allocations-2015-les-laureats}}
}

@book{r_core_team_r:_2015,
  address = {Vienna, Austria},
  title = {R: {{A Language}} and {{Environment}} for {{Statistical Computing}}},
  timestamp = {2016-08-10T12:28:18Z},
  publisher = {{R Foundation for Statistical Computing}},
  author = {{R Core Team}},
  year = {2015}
}

@article{balkau_epidemiologic_1996,
  title = {{An epidemiologic survey from a network of French Health Examination Centres, (D.E.S.I.R.): epidemiologic data on the insulin resistance syndrome}},
  volume = {44},
  issn = {0398-7620},
  shorttitle = {{An epidemiologic survey from a network of French Health Examination Centres, (D.E.S.I.R.)}},
  language = {fre},
  timestamp = {2016-08-10T12:37:44Z},
  number = {4},
  journal = {Revue D'{\'e}pid{\'e}miologie Et De Sant{\'e} Publique},
  author = {Balkau, B.},
  month = aug,
  year = {1996},
  keywords = {Adult,Aged,Cohort Studies,Community Health Centers,Female,France,Humans,Insulin resistance,Male,Middle Aged,Population Surveillance,Risk Factors},
  pages = {373--375},
  pmid = {8927780}
}

@article{welter_nhgri_2014,
  title = {The {{NHGRI GWAS Catalog}}, a Curated Resource of {{SNP}}-Trait Associations},
  volume = {42},
  issn = {0305-1048, 1362-4962},
  doi = {10.1093/nar/gkt1229},
  language = {en},
  timestamp = {2016-08-10T12:48:30Z},
  number = {D1},
  urldate = {2016-08-10},
  journal = {Nucleic Acids Research},
  author = {Welter, Danielle and MacArthur, Jacqueline and Morales, Joannella and Burdett, Tony and Hall, Peggy and Junkins, Heather and Klemm, Alan and Flicek, Paul and Manolio, Teri and Hindorff, Lucia and Parkinson, Helen},
  month = jan,
  year = {2014},
  pages = {D1001--D1006},
  pmid = {24316577}
}

@article{the_1000_genomes_project_consortium_global_2015,
  title = {A Global Reference for Human Genetic Variation},
  volume = {526},
  issn = {0028-0836},
  doi = {10.1038/nature15393},
  language = {en},
  timestamp = {2016-08-10T14:03:49Z},
  number = {7571},
  urldate = {2016-08-10},
  journal = {Nature},
  author = {{The 1000 Genomes Project Consortium}},
  month = oct,
  year = {2015},
  keywords = {Genetic variation,Genomics},
  pages = {68--74}
}

@article{chang_second-generation_2015,
  title = {Second-Generation {{PLINK}}: Rising to the Challenge of Larger and Richer Datasets},
  volume = {4},
  issn = {2047-217X},
  shorttitle = {Second-Generation {{PLINK}}},
  doi = {10.1186/s13742-015-0047-8},
  timestamp = {2016-08-10T14:22:04Z},
  urldate = {2016-08-10},
  journal = {GigaScience},
  author = {Chang, Christopher C. and Chow, Carson C. and Tellier, Laurent CAM and Vattikuti, Shashaank and Purcell, Shaun M. and Lee, James J.},
  year = {2015},
  keywords = {Computational statistics,GWAS,High-density SNP genotyping,Population genetics,whole-genome sequencing},
  pages = {7}
}

@misc{purcell_plink_2015,
  title = {{{PLINK}} v1.90b3.36},
  timestamp = {2016-08-10T14:25:34Z},
  author = {Purcell, Shaun and Chang, Christopher},
  year = {2015}
}

@article{flannick_type_2016,
  title = {Type 2 Diabetes: Genetic Data Sharing to Advance Complex Disease Research},
  volume = {advance online publication},
  issn = {1471-0056},
  shorttitle = {Type 2 Diabetes},
  doi = {10.1038/nrg.2016.56},
  language = {en},
  timestamp = {2016-08-19T14:04:32Z},
  urldate = {2016-07-12},
  journal = {Nature Reviews Genetics},
  author = {Flannick, Jason and Florez, Jose C.},
  month = jul,
  year = {2016},
  keywords = {Diabetes,Disease genetics,Genetic databases,Genetic variation,Genome-wide association studies,quantitative trait,Research data}
}

@misc{xu_jsm:_2016,
  title = {{{JSM}}: {{Semiparametric Joint Modeling}} of {{Survival}} and {{Longitudinal Data}}},
  shorttitle = {{{JSM}}},
  timestamp = {2016-08-26T07:03:27Z},
  urldate = {2016-08-26},
  author = {Xu, Cong and Wang, Pantelis Z. Hadjipantelis and Jane-Ling},
  month = aug,
  year = {2016}
}

@article{proust-lima_joint_2009,
  title = {Joint Modelling of Multivariate Longitudinal Outcomes and a Time-to-Event: {{A}} Nonlinear Latent Class Approach},
  volume = {53},
  issn = {0167-9473},
  shorttitle = {Joint Modelling of Multivariate Longitudinal Outcomes and a Time-to-Event},
  doi = {10.1016/j.csda.2008.10.017},
  timestamp = {2017-06-06T12:00:19Z},
  number = {4},
  urldate = {2016-09-08},
  journal = {Computational Statistics \& Data Analysis},
  author = {Proust-Lima, C{\'e}cile and Joly, Pierre and Dartigues, Jean-Fran{\c c}ois and Jacqmin-Gadda, H{\'e}l{\`e}ne},
  month = feb,
  year = {2009},
  pages = {1142--1154}
}

@article{lyssenko_common_2009,
  title = {Common Variant in {{MTNR1B}} Associated with Increased Risk of Type 2 Diabetes and Impaired Early Insulin Secretion},
  volume = {41},
  issn = {1061-4036},
  doi = {10.1038/ng.288},
  language = {en},
  timestamp = {2016-09-09T13:31:11Z},
  number = {1},
  urldate = {2016-09-09},
  journal = {Nature Genetics},
  author = {Lyssenko, Valeriya and Nagorny, Cecilia L. F. and Erdos, Michael R. and Wierup, Nils and Jonsson, Anna and Sp{\'e}gel, Peter and Bugliani, Marco and Saxena, Richa and Fex, Malin and Pulizzi, Nicolo and Isomaa, Bo and Tuomi, Tiinamaija and Nilsson, Peter and Kuusisto, Johanna and Tuomilehto, Jaakko and Boehnke, Michael and Altshuler, David and Sundler, Frank and Eriksson, Johan G. and Jackson, Anne U. and Laakso, Markku and Marchetti, Piero and Watanabe, Richard M. and Mulder, Hindrik and Groop, Leif},
  month = jan,
  year = {2009},
  pages = {82--88}
}

@article{bouatia-naji_variant_2009,
  title = {A Variant near {{MTNR1B}} Is Associated with Increased Fasting Plasma Glucose Levels and Type 2 Diabetes Risk},
  volume = {41},
  issn = {1061-4036},
  doi = {10.1038/ng.277},
  language = {en},
  timestamp = {2017-06-06T11:59:59Z},
  number = {1},
  urldate = {2016-09-09},
  journal = {Nature Genetics},
  author = {Bouatia-Naji, Nabila and Bonnefond, Am{\'e}lie and Cavalcanti-Proen{\c c}a, Christine and Spars{\o}, Thomas and Holmkvist, Johan and Marchand, Marion and Delplanque, J{\'e}r{\^o}me and Lobbens, St{\'e}phane and Rocheleau, Ghislain and Durand, Emmanuelle and De Graeve, Franck and Ch{\`e}vre, Jean-Claude and Borch-Johnsen, Knut and Hartikainen, Anna-Liisa and Ruokonen, Aimo and Tichet, Jean and Marre, Michel and Weill, Jacques and Heude, Barbara and Tauber, Maith{\'e} and Lemaire, Katleen and Schuit, Frans and Elliott, Paul and J{\o}rgensen, Torben and Charpentier, Guillaume and Hadjadj, Samy and Cauchi, St{\'e}phane and Vaxillaire, Martine and Sladek, Robert and Visvikis-Siest, Sophie and Balkau, Beverley and L{\'e}vy-Marchal, Claire and Pattou, Fran{\c c}ois and Meyre, David and Blakemore, Alexandra I. F. and Jarvelin, Marjo-Riita and Walley, Andrew J. and Hansen, Torben and Dina, Christian and Pedersen, Oluf and Froguel, Philippe},
  month = jan,
  year = {2009},
  keywords = {Adaptor Proteins; Signal Transducing,Adolescent,Adult,Blood Glucose,Child,Chromosomes; Human; Pair 11,Cohort Studies,Diabetes Mellitus; Type 2,Fasting,Gene Expression Profiling,Gene Expression Regulation,Genetic Predisposition to Disease,Genome-wide association study,Glucokinase,Humans,Insulin resistance,Islets of Langerhans,Meta-Analysis as Topic,Middle Aged,Polymorphism; Single Nucleotide,Receptor; Melatonin; MT2,Receptors; Melatonin,Reproducibility of Results,RNA; Messenger},
  pages = {89--94}
}

@book{elashoff_joint_2016,
  edition = {1},
  title = {{Joint Modeling of Longitudinal and Time-to-Event Data}},
  isbn = {978-1-4398-0782-8},
  language = {Anglais},
  timestamp = {2016-12-21T12:21:07Z},
  publisher = {{Chapman and Hall/CRC}},
  author = {Elashoff, Robert and {li}, Gang and Li, Ning},
  month = jul,
  year = {2016}
}

@book{lindemann_introduction_1980,
  address = {Glenview, Ill.},
  title = {Introduction to Bivariate and Multivariate Analysis},
  isbn = {978-0-673-15099-8},
  language = {eng},
  timestamp = {2016-12-23T09:31:21Z},
  publisher = {{Scott, Foresman}},
  author = {Lindemann, Richard Harold and Merenda, Peter Francis and Gold, Ruth Z.},
  year = {1980},
  note = {OCLC: 5310754}
}

@article{ibrahim_basic_2010,
  title = {Basic {{Concepts}} and {{Methods}} for {{Joint Models}} of {{Longitudinal}} and {{Survival Data}}},
  volume = {28},
  doi = {10.1200/JCO.2009.25.0654},
  language = {en},
  timestamp = {2017-01-18T09:10:46Z},
  number = {16},
  urldate = {2017-01-18},
  journal = {Journal of Clinical Oncology},
  author = {Ibrahim, Joseph G. and Chu, Haitao and Chen, Liddy M.},
  month = jun,
  year = {2010},
  pages = {2796},
  pmid = {20439643}
}

@article{albert_approach_2010,
  title = {An Approach for Jointly Modeling Multivariate Longitudinal Measurements and Discrete Time-to-Event Data},
  volume = {4},
  issn = {1932-6157},
  doi = {10.1214/10-AOAS339},
  language = {en},
  timestamp = {2017-01-18T09:00:15Z},
  number = {3},
  urldate = {2017-01-18},
  journal = {The Annals of Applied Statistics},
  author = {Albert, Paul S. and Shih, Joanna H.},
  month = sep,
  year = {2010},
  pages = {1517--1532}
}

@article{albert_estimating_2010,
  title = {On {{Estimating}} the {{Relationship}} between {{Longitudinal Measurements}} and {{Time}}-to-{{Event Data Using}} a {{Simple Two}}-{{Stage Procedure}}},
  volume = {66},
  issn = {0006341X},
  doi = {10.1111/j.1541-0420.2009.01324_1.x},
  language = {en},
  timestamp = {2017-01-18T09:00:23Z},
  number = {3},
  urldate = {2017-01-18},
  journal = {Biometrics},
  author = {Albert, Paul S. and Shih, Joanna H.},
  month = sep,
  year = {2010},
  pages = {983--987}
}

@article{diggle_informative_1994,
  title = {Informative {{Drop}}-{{Out}} in {{Longitudinal Data Analysis}}},
  volume = {43},
  issn = {0035-9254},
  doi = {10.2307/2986113},
  timestamp = {2017-02-24T15:56:59Z},
  number = {1},
  urldate = {2017-02-24},
  journal = {Journal of the Royal Statistical Society. Series C (Applied Statistics)},
  author = {Diggle, P. and Kenward, M. G.},
  year = {1994},
  pages = {49--93}
}

@article{sun_regression_2007,
  title = {Regression {{Analysis}} of {{Longitudinal Data}} in the {{Presence}} of {{Informative Observation}} and {{Censoring Times}}},
  volume = {102},
  issn = {0162-1459, 1537-274X},
  doi = {10.1198/016214507000000851},
  language = {en},
  timestamp = {2017-02-24T16:04:28Z},
  number = {480},
  urldate = {2017-02-24},
  journal = {Journal of the American Statistical Association},
  author = {Sun, Jianguo and Sun, Liuquan and Liu, Dandan},
  month = dec,
  year = {2007},
  pages = {1397--1406}
}

@article{elashoff_joint_2008,
  title = {A {{Joint Model}} for {{Longitudinal Measurements}} and {{Survival Data}} in the {{Presence}} of {{Multiple Failure Types}}},
  volume = {64},
  issn = {0006341X},
  doi = {10.1111/j.1541-0420.2007.00952.x},
  language = {en},
  timestamp = {2017-02-24T16:15:12Z},
  number = {3},
  urldate = {2017-02-24},
  journal = {Biometrics},
  author = {Elashoff, Robert M. and Li, Gang and Li, Ning},
  month = sep,
  year = {2008},
  pages = {762--771}
}

@book{therneau_modeling_2000,
  address = {New York, NY},
  series = {Statistics for Biology and Health},
  title = {Modeling {{Survival Data}}: {{Extending}} the {{Cox Model}}},
  isbn = {978-1-4419-3161-0 978-1-4757-3294-8},
  shorttitle = {Modeling {{Survival Data}}},
  timestamp = {2017-02-24T16:19:34Z},
  urldate = {2017-02-24},
  publisher = {{Springer New York}},
  author = {Therneau, Terry M. and Grambsch, Patricia M.},
  editor = {Dietz, K. and Gail, M. and Krickeberg, K. and Samet, J. and Tsiatis, A.},
  year = {2000},
  doi = {10.1007/978-1-4757-3294-8}
}

@book{kalbfleisch_statistical_2002,
  address = {Hoboken, NJ, USA},
  series = {Wiley Series in Probability and Statistics},
  title = {The {{Statistical Analysis}} of {{Failure Time Data}}},
  isbn = {978-1-118-03298-5 978-0-471-36357-6},
  shorttitle = {The {{Statistical Analysis}} of {{Failure Time Data}}},
  timestamp = {2017-04-19T12:47:32Z},
  urldate = {2017-04-19},
  publisher = {{John Wiley \& Sons, Inc.}},
  author = {Kalbfleisch, John D. and Prentice, Ross L.},
  month = aug,
  year = {2002},
  doi = {10.1002/9781118032985}
}

@article{ambros_functions_2004,
  title = {The Functions of Animal {{microRNAs}}},
  volume = {431},
  issn = {0028-0836},
  doi = {10.1038/nature02871},
  language = {en},
  timestamp = {2017-06-02T14:35:52Z},
  number = {7006},
  urldate = {2017-06-02},
  journal = {Nature},
  author = {Ambros, Victor},
  month = sep,
  year = {2004},
  pages = {350--355}
}

@article{bartel_micrornas:_2004,
  title = {{{MicroRNAs}}: {{Genomics}}, {{Biogenesis}}, {{Mechanism}}, and {{Function}}},
  volume = {116},
  issn = {0092-8674, 1097-4172},
  doi = {10.1016/S0092-8674(04)00045-5},
  language = {English},
  timestamp = {2017-06-06T15:33:06Z},
  number = {2},
  urldate = {2017-06-02},
  journal = {Cell},
  author = {Bartel, David P.},
  month = jan,
  year = {2004},
  pages = {281--297}
}

@misc{_homo_????,
  title = {Homo Sapiens - {{Ensembl}} Genome Browser 89},
  timestamp = {2017-06-02T14:38:15Z},
  urldate = {2017-06-02},
  howpublished = {\url{http://www.ensembl.org/Homo_sapiens/Info/Annotation}}
}

@article{lister_human_2009,
  title = {Human {{DNA}} Methylomes at Base Resolution Show Widespread Epigenomic Differences},
  volume = {462},
  issn = {0028-0836},
  doi = {10.1038/nature08514},
  language = {en},
  timestamp = {2017-06-02T14:39:01Z},
  number = {7271},
  urldate = {2017-06-02},
  journal = {Nature},
  author = {Lister, Ryan and Pelizzola, Mattia and Dowen, Robert H. and Hawkins, R. David and Hon, Gary and Tonti-Filippini, Julian and Nery, Joseph R. and Lee, Leonard and Ye, Zhen and Ngo, Que-Minh and Edsall, Lee and Antosiewicz-Bourget, Jessica and Stewart, Ron and Ruotti, Victor and Millar, A. Harvey and Thomson, James A. and Ren, Bing and Ecker, Joseph R.},
  month = nov,
  year = {2009},
  pages = {315--322}
}

@article{bird_dna_1980,
  title = {{{DNA}} Methylation and the Frequency of {{CpG}} in Animal {{DNA}}.},
  volume = {8},
  issn = {0305-1048},
  timestamp = {2017-06-02T14:39:35Z},
  number = {7},
  urldate = {2017-06-02},
  journal = {Nucleic Acids Research},
  author = {Bird, A P},
  month = apr,
  year = {1980},
  pages = {1499--1504},
  pmid = {6253938},
  pmcid = {PMC324012}
}

@article{cooper_cytosine_1989,
  title = {Cytosine Methylation and the Fate of {{CpG}} Dinucleotides in Vertebrate Genomes},
  volume = {83},
  issn = {0340-6717},
  language = {eng},
  timestamp = {2017-06-02T14:40:49Z},
  number = {2},
  journal = {Human Genetics},
  author = {Cooper, D. N. and Krawczak, M.},
  month = sep,
  year = {1989},
  keywords = {Animals,Biological Evolution,Cytosine,Dinucleoside Phosphates,Mathematics,Methylation,Models; Genetic,Vertebrates},
  pages = {181--188},
  pmid = {2777259}
}

@article{deaton_cpg_2011,
  title = {{{CpG}} Islands and the Regulation of Transcription},
  volume = {25},
  issn = {0890-9369},
  doi = {10.1101/gad.2037511},
  timestamp = {2017-06-02T14:41:23Z},
  number = {10},
  urldate = {2017-06-02},
  journal = {Genes \& Development},
  author = {Deaton, Aim{\'e}e M. and Bird, Adrian},
  month = may,
  year = {2011},
  pages = {1010--1022},
  pmid = {21576262},
  pmcid = {PMC3093116}
}

@article{gardiner-garden_cpg_1987,
  title = {{{CpG}} Islands in Vertebrate Genomes},
  volume = {196},
  issn = {0022-2836},
  language = {eng},
  timestamp = {2017-06-02T14:43:00Z},
  number = {2},
  journal = {Journal of Molecular Biology},
  author = {Gardiner-Garden, M. and Frommer, M.},
  month = jul,
  year = {1987},
  keywords = {Animals,Base Composition,Base Sequence,Cattle,Cytidine Monophosphate,Cytosine Nucleotides,Dinucleoside Phosphates,Genes,Guanosine,Humans,Mice,Rats,Transcription; Genetic,Vertebrates},
  pages = {261--282},
  pmid = {3656447}
}

@article{antequera_structure_2003,
  title = {Structure, Function and Evolution of {{CpG}} Island Promoters},
  volume = {60},
  issn = {1420-682X},
  doi = {10.1007/s00018-003-3088-6},
  language = {eng},
  timestamp = {2017-06-02T14:43:04Z},
  number = {8},
  journal = {Cellular and molecular life sciences: CMLS},
  author = {Antequera, F.},
  month = aug,
  year = {2003},
  keywords = {Animals,CpG Islands,DNA,DNA Methylation,DNA Replication,Evolution; Molecular,Humans,Mice,Promoter Regions; Genetic,RNA Polymerase II,Transcription; Genetic},
  pages = {1647--1658},
  pmid = {14504655}
}

@article{larsen_cpg_1992,
  title = {{{CpG}} Islands as Gene Markers in the Human Genome},
  volume = {13},
  issn = {0888-7543},
  language = {eng},
  timestamp = {2017-06-02T14:44:49Z},
  number = {4},
  journal = {Genomics},
  author = {Larsen, F. and Gundersen, G. and Lopez, R. and Prydz, H.},
  month = aug,
  year = {1992},
  keywords = {Dinucleoside Phosphates,Exons,Genetic Markers,Genome; Human,Humans,Promoter Regions; Genetic,Pseudogenes,Repetitive Sequences; Nucleic Acid,TATA Box},
  pages = {1095--1107},
  pmid = {1505946}
}

@article{saxonov_genome-wide_2006,
  title = {A Genome-Wide Analysis of {{CpG}} Dinucleotides in the Human Genome Distinguishes Two Distinct Classes of Promoters},
  volume = {103},
  issn = {0027-8424},
  doi = {10.1073/pnas.0510310103},
  language = {eng},
  timestamp = {2017-06-02T14:44:54Z},
  number = {5},
  journal = {Proceedings of the National Academy of Sciences of the United States of America},
  author = {Saxonov, Serge and Berg, Paul and Brutlag, Douglas L.},
  month = jan,
  year = {2006},
  keywords = {Animals,CpG Islands,DNA Methylation,Epigenesis; Genetic,Exons,Genome; Human,Germ-Line Mutation,Humans,Introns,Models; Genetic,Mutation,Nucleotides,Oligonucleotide Array Sequence Analysis,Pan troglodytes,Promoter Regions; Genetic,Sequence Analysis; DNA},
  pages = {1412--1417},
  pmid = {16432200},
  pmcid = {PMC1345710}
}

@article{jones_dna_1999,
  title = {The {{DNA}} Methylation Paradox},
  volume = {15},
  issn = {0168-9525},
  language = {eng},
  timestamp = {2017-06-02T14:45:54Z},
  number = {1},
  journal = {Trends in genetics: TIG},
  author = {Jones, P. A.},
  month = jan,
  year = {1999},
  keywords = {Animals,CpG Islands,Disease Progression,DNA Methylation,DNA; Neoplasm,Dosage Compensation; Genetic,Gene Expression Regulation,Gene Expression Regulation; Neoplastic,Genomic Imprinting,Mammals,Neoplasms,Organ Specificity,Promoter Regions; Genetic,Transcription; Genetic},
  pages = {34--37},
  pmid = {10087932}
}

@article{hellman_gene_2007,
  title = {Gene Body-Specific Methylation on the Active {{X}} Chromosome},
  volume = {315},
  issn = {1095-9203},
  doi = {10.1126/science.1136352},
  language = {eng},
  timestamp = {2017-06-02T14:45:56Z},
  number = {5815},
  journal = {Science (New York, N.Y.)},
  author = {Hellman, Asaf and Chess, Andrew},
  month = feb,
  year = {2007},
  keywords = {Alleles,Cell Line,Chromosomes; Human; X,CpG Islands,DNA Methylation,Embryonic Stem Cells,Epigenesis; Genetic,Female,Gene Expression Regulation,Gene Silencing,Heterozygote,Humans,Male,Oligonucleotide Array Sequence Analysis,Polymorphism; Single Nucleotide,Promoter Regions; Genetic,X Chromosome Inactivation},
  pages = {1141--1143},
  pmid = {17322062}
}

@article{ball_targeted_2009,
  title = {Targeted and Genome-Scale Strategies Reveal Gene-Body Methylation Signatures in Human Cells},
  volume = {27},
  issn = {1546-1696},
  doi = {10.1038/nbt.1533},
  language = {eng},
  timestamp = {2017-06-02T14:45:59Z},
  number = {4},
  journal = {Nature Biotechnology},
  author = {Ball, Madeleine P. and Li, Jin Billy and Gao, Yuan and Lee, Je-Hyuk and LeProust, Emily M. and Park, In-Hyun and Xie, Bin and Daley, George Q. and Church, George M.},
  month = apr,
  year = {2009},
  keywords = {Base Sequence,Cell Nucleus,Chromosome Mapping,DNA,DNA Methylation,Gene Targeting,Humans,Metabolome,Molecular Sequence Data,Sequence Analysis; DNA,Sulfites},
  pages = {361--368},
  pmid = {19329998},
  pmcid = {PMC3566772}
}

@article{wagner_relationship_2014,
  title = {The Relationship between {{DNA}} Methylation, Genetic and Expression Inter-Individual Variation in Untransformed Human Fibroblasts},
  volume = {15},
  issn = {1474-760X},
  doi = {10.1186/gb-2014-15-2-r37},
  timestamp = {2017-06-02T14:46:42Z},
  urldate = {2017-06-02},
  journal = {Genome Biology},
  author = {Wagner, James R. and Busche, Stephan and Ge, Bing and Kwan, Tony and Pastinen, Tomi and Blanchette, Mathieu},
  year = {2014},
  pages = {R37}
}

@article{moarii_changes_2015,
  title = {Changes in Correlation between Promoter Methylation and Gene Expression in Cancer},
  volume = {16},
  issn = {1471-2164},
  doi = {10.1186/s12864-015-1994-2},
  timestamp = {2017-06-02T14:50:03Z},
  urldate = {2017-06-02},
  journal = {BMC Genomics},
  author = {Moarii, Matahi and Boeva, Valentina and Vert, Jean-Philippe and Reyal, Fabien},
  month = oct,
  year = {2015},
  pmid = {26510534},
  pmcid = {PMC4625954}
}

@article{dayeh_identification_2013,
  title = {Identification of {{CpG}}-{{SNPs}} Associated with Type 2 Diabetes and Differential {{DNA}} Methylation in Human Pancreatic Islets},
  volume = {56},
  issn = {1432-0428},
  doi = {10.1007/s00125-012-2815-7},
  language = {eng},
  timestamp = {2017-06-02T14:50:38Z},
  number = {5},
  journal = {Diabetologia},
  author = {Dayeh, T. A. and Olsson, A. H. and Volkov, P. and Almgren, P. and R{\"o}nn, T. and Ling, C.},
  month = may,
  year = {2013},
  keywords = {Aged,Alternative Splicing,Cohort Studies,CpG Islands,Diabetes Mellitus; Type 2,DNA Methylation,Epigenesis; Genetic,Female,Gene Expression Regulation,Genetic Association Studies,Humans,Insulin,Islets of Langerhans,Linkage Disequilibrium,Male,Middle Aged,Polymorphism; Single Nucleotide,RNA; Messenger,Scandinavian and Nordic Countries,Tissue Culture Techniques,Tissue Donors},
  pages = {1036--1046},
  pmid = {23462794},
  pmcid = {PMC3622750}
}

@article{zhi_snps_2013,
  title = {{{SNPs}} Located at {{CpG}} Sites Modulate Genome-Epigenome Interaction},
  volume = {8},
  issn = {1559-2294},
  doi = {10.4161/epi.25501},
  timestamp = {2017-06-02T14:50:46Z},
  number = {8},
  urldate = {2017-06-02},
  journal = {Epigenetics},
  author = {Zhi, Degui and Aslibekyan, Stella and Irvin, Marguerite R and Claas, Steven A and Borecki, Ingrid B and Ordovas, Jose M and Absher, Devin M and Arnett, Donna K},
  month = aug,
  year = {2013},
  pages = {802--806},
  pmid = {23811543},
  pmcid = {PMC3883783}
}

@misc{_sf_2_3_age_mothers_childbirth.pdf_????,
  title = {{{SF}}\_2\_3\_{{Age}}\_mothers\_childbirth.Pdf},
  timestamp = {2017-06-02T14:56:13Z},
  urldate = {2017-06-02},
  howpublished = {\url{http://www.oecd.org/els/soc/SF_2_3_Age_mothers_childbirth.pdf}}
}

@article{sawicki_human_1993,
  title = {Human {{Genome Project}}},
  volume = {165},
  issn = {0002-9610},
  doi = {10.1016/S0002-9610(05)80522-7},
  timestamp = {2017-06-06T12:14:55Z},
  number = {2},
  urldate = {2017-06-02},
  journal = {The American Journal of Surgery},
  author = {Sawicki, Mark P. and Samara, Ghassan and Hurwitz, Michael and Passaro, Edward},
  month = feb,
  year = {1993},
  pages = {258--264}
}

@article{gibbs_international_2003,
  title = {The {{International HapMap Project}}},
  volume = {426},
  issn = {0028-0836},
  doi = {10.1038/nature02168},
  language = {en},
  timestamp = {2017-06-06T12:14:51Z},
  number = {6968},
  urldate = {2017-06-02},
  journal = {Nature},
  author = {Gibbs, Richard A. and Belmont, John W. and Hardenbol, Paul and Willis, Thomas D. and Yu, Fuli and Yang, Huanming and Ch'ang, Lan-Yang and Huang, Wei and Liu, Bin and Shen, Yan and Tam, Paul Kwong-Hang and Tsui, Lap-Chee and Waye, Mary Miu Yee and Wong, Jeffrey Tze-Fei and Zeng, Changqing and Zhang, Qingrun and Chee, Mark S. and Galver, Luana M. and Kruglyak, Semyon and Murray, Sarah S. and Oliphant, Arnold R. and Montpetit, Alexandre and Hudson, Thomas J. and Chagnon, Fanny and Ferretti, Vincent and Leboeuf, Martin and Phillips, Michael S. and Verner, Andrei and Kwok, Pui-Yan and Duan, Shenghui and Lind, Denise L. and Miller, Raymond D. and Rice, John P. and Saccone, Nancy L. and Taillon-Miller, Patricia and Xiao, Ming and Nakamura, Yusuke and Sekine, Akihiro and Sorimachi, Koki and Tanaka, Toshihiro and Tanaka, Yoichi and Tsunoda, Tatsuhiko and Yoshino, Eiji and Bentley, David R. and Deloukas, Panos and Hunt, Sarah and Powell, Don and Altshuler, David and Gabriel, Stacey B. and Zhang, Houcan and Matsuda, Ichiro and Fukushima, Yoshimitsu and Macer, Darryl R. and Suda, Eiko and Rotimi, Charles N. and Adebamowo, Clement A. and Aniagwu, Toyin and Marshall, Patricia A. and Matthew, Olayemi and Nkwodimmah, Chibuzor and Royal, Charmaine D. M. and Leppert, Mark F. and Dixon, Missy and Stein, Lincoln D. and Cunningham, Fiona and Kanani, Ardavan and Thorisson, Gudmundur A. and Chakravarti, Aravinda and Chen, Peter E. and Cutler, David J. and Kashuk, Carl S. and Donnelly, Peter and Marchini, Jonathan and McVean, Gilean A. T. and Myers, Simon R. and Cardon, Lon R. and Abecasis, Gon{\c c}alo R. and Morris, Andrew and Weir, Bruce S. and Mullikin, James C. and Sherry, Stephen T. and Feolo, Michael and Daly, Mark J. and Schaffner, Stephen F. and Qiu, Renzong and Kent, Alastair and Dunston, Georgia M. and Kato, Kazuto and Niikawa, Norio and Knoppers, Bartha M. and Foster, Morris W. and Clayton, Ellen Wright and Wang, Vivian Ota and Watkin, Jessica and Sodergren, Erica and Weinstock, George M. and Wilson, Richard K. and Fulton, Lucinda L. and Rogers, Jane and Birren, Bruce W. and Han, Hua and Wang, Hongguang and Godbout, Martin and Wallenburg, John C. and L'Archev{\^e}que, Paul and Bellemare, Guy and Todani, Kazuo and Fujita, Takashi and Tanaka, Satoshi and Holden, Arthur L. and Lai, Eric H. and Collins, Francis S. and Brooks, Lisa D. and McEwen, Jean E. and Guyer, Mark S. and Jordan, Elke and Peterson, Jane L. and Spiegel, Jack and Sung, Lawrence M. and Zacharia, Lynn F. and Kennedy, Karen and Dunn, Michael G. and Seabrook, Richard and Shillito, Mark and Skene, Barbara and Stewart, John G. and (chair), David L. Valle and (co-Chair), Ellen Wright Clayton and (co-Chair), Lynn B. Jorde and Cho, Mildred K. and Duster, Troy and Jasperse, Marla and Licinio, Julio and Long, Jeffrey C. and Ossorio, Pilar N. and Spallone, Patricia and Terry, Sharon F. and (chair), Eric S. Lander and (co-Chair), Eric H. Lai and (co-Chair), Deborah A. Nickerson and Boehnke, Michael and Douglas, Julie A. and Hudson, Richard R. and Kruglyak, Leonid and Nussbaum, Robert L.},
  month = dec,
  year = {2003},
  pages = {789--796}
}

@article{siva_1000_2008,
  title = {1000 {{Genomes}} Project},
  volume = {26},
  issn = {1087-0156},
  doi = {10.1038/nbt0308-256b},
  language = {en},
  timestamp = {2017-06-02T14:58:43Z},
  number = {3},
  urldate = {2017-06-02},
  journal = {Nature Biotechnology},
  author = {Siva, Nayanah},
  month = mar,
  year = {2008},
  pages = {256--256}
}

@article{schultz_human_2015,
  title = {Human Body Epigenome Maps Reveal Noncanonical {{DNA}} Methylation Variation},
  volume = {523},
  issn = {0028-0836},
  doi = {10.1038/nature14465},
  language = {en},
  timestamp = {2017-06-02T15:16:33Z},
  number = {7559},
  urldate = {2017-06-02},
  journal = {Nature},
  author = {Schultz, Matthew D. and He, Yupeng and Whitaker, John W. and Hariharan, Manoj and Mukamel, Eran A. and Leung, Danny and Rajagopal, Nisha and Nery, Joseph R. and Urich, Mark A. and Chen, Huaming and Lin, Shin and Lin, Yiing and Jung, Inkyung and Schmitt, Anthony D. and Selvaraj, Siddarth and Ren, Bing and Sejnowski, Terrence J. and Wang, Wei and Ecker, Joseph R.},
  month = jul,
  year = {2015},
  keywords = {DNA Methylation,Epigenomics},
  pages = {212--216}
}

@article{herman_glucose_2006,
  title = {Glucose Transport and Sensing in the Maintenance of Glucose Homeostasis and Metabolic Harmony},
  volume = {116},
  issn = {0021-9738},
  doi = {10.1172/JCI29027},
  language = {eng},
  timestamp = {2017-06-02T15:28:02Z},
  number = {7},
  journal = {The Journal of Clinical Investigation},
  author = {Herman, Mark A. and Kahn, Barbara B.},
  month = jul,
  year = {2006},
  keywords = {Adipocytes,Animals,Biological Transport,Carbon,Diabetes Mellitus; Type 2,Energy Metabolism,Glucose,Homeostasis,Humans,Signal Transduction},
  pages = {1767--1775},
  pmid = {16823474},
  pmcid = {PMC1483149}
}

@article{world_health_organization_definition_1999,
  title = {Definition, Diagnosis and Classification of Diabetes Mellitus and Its Complications : Report of a {{WHO}} Consultation. {{Part}} 1, {{Diagnosis}} and Classification of Diabetes Mellitus},
  shorttitle = {Definition, Diagnosis and Classification of Diabetes Mellitus and Its Complications},
  language = {en},
  timestamp = {2017-06-02T15:33:52Z},
  urldate = {2017-06-02},
  author = {{World Health Organization}},
  year = {1999}
}

@book{roglic_global_2016,
  address = {Geneva, Switzerland},
  title = {Global Report on Diabetes},
  isbn = {978-92-4-156525-7},
  lccn = {RA645.D5 G563 2016},
  timestamp = {2017-06-02T15:36:44Z},
  publisher = {{World Health Organization}},
  editor = {Roglic, Gojka and {World Health Organization}},
  year = {2016},
  note = {OCLC: ocn948336981},
  keywords = {Chronic Disease,Cross-Cultural Comparison,Diabetes,Diabetes; Gestational,Diabetes Mellitus,Diabetes Mellitus; Type 1,Diabetes Mellitus; Type 2,Epidemiology,prevention \& control,Public Health,trends}
}

@article{ricci_diabete_2010,
  title = {Diab{\`e}te Trait{\'e}: Quelles {\'E}volutions Entre 2000 et 2009 En {{France}}},
  volume = {42},
  shorttitle = {Diab{\`e}te Trait{\'e}},
  timestamp = {2017-06-02T15:43:14Z},
  number = {43},
  urldate = {2017-06-02},
  journal = {Bull Epidemiol Hebd},
  author = {Ricci, Pauline and Bloti{\`e}re, Pierre-Olivier and Weill, Alain and Simon, Dominique and Tuppin, Philippe and Ricordeau, Philippe and Allemand, Hubert},
  year = {2010},
  pages = {425--431}
}

@article{mandereau-bruno_prevalence_2014,
  title = {Pr{\'e}valence Du Diab{\`e}te Trait{\'e} Pharmacologiquement et Disparit{\'e}s Territoriales En {{France}} En 2012},
  timestamp = {2017-06-02T15:47:22Z},
  journal = {Bull Epid{\'e}miol Hebd},
  author = {Mandereau-Bruno, L and Denis, P and Fagot-Campagna, A and Fosse-Edorh, S and {others}},
  year = {2014},
  pages = {30--31}
}

@article{lyssenko_genetic_2013,
  title = {Genetic {{Screening}} for the {{Risk}} of {{Type}} 2 {{Diabetes}}: {{Worthless}} or Valuable?},
  volume = {36},
  issn = {0149-5992, 1935-5548},
  shorttitle = {Genetic {{Screening}} for the {{Risk}} of {{Type}} 2 {{Diabetes}}},
  doi = {10.2337/dcS13-2009},
  language = {en},
  timestamp = {2017-06-02T15:49:25Z},
  number = {Supplement\_2},
  urldate = {2017-06-02},
  journal = {Diabetes Care},
  author = {Lyssenko, V. and Laakso, M.},
  month = aug,
  year = {2013},
  pages = {S120--S126}
}

@article{case_preventing_2006,
  title = {Preventing Type 2 Diabetes after Gestational Diabetes},
  volume = {32},
  issn = {0145-7217},
  doi = {10.1177/0145721706294263},
  language = {eng},
  timestamp = {2017-06-02T15:51:43Z},
  number = {6},
  journal = {The Diabetes Educator},
  author = {Case, Jayne and Willoughby, Deborah and Haley-Zitlin, Vivian and Maybee, Pat},
  year = {2006},
  keywords = {Diabetes; Gestational,Diabetes Mellitus; Type 2,Female,Humans,Life Style,Pregnancy,Risk Factors},
  pages = {877--886},
  pmid = {17102155}
}

@article{knowler_determinants_1993,
  title = {Determinants of Diabetes Mellitus in the {{Pima Indians}}},
  volume = {16},
  issn = {0149-5992},
  language = {eng},
  timestamp = {2017-06-02T15:53:05Z},
  number = {1},
  journal = {Diabetes Care},
  author = {Knowler, W. C. and Saad, M. F. and Pettitt, D. J. and Nelson, R. G. and Bennett, P. H.},
  month = jan,
  year = {1993},
  keywords = {Adolescent,Adult,Aged,Age Factors,Arizona,Blood Glucose,Child,Child; Preschool,Diabetes Mellitus,Diabetes Mellitus; Type 2,Glucose Tolerance Test,Humans,Incidence,Indians; North American,longitudinal studies,Middle Aged,Prevalence,Risk Factors},
  pages = {216--227},
  pmid = {8422779}
}

@article{diamond_double_2003,
  title = {The Double Puzzle of Diabetes},
  volume = {423},
  issn = {0028-0836},
  doi = {10.1038/423599a},
  language = {en},
  timestamp = {2017-06-02T15:53:27Z},
  number = {6940},
  urldate = {2017-06-02},
  journal = {Nature},
  author = {Diamond, Jared},
  month = jun,
  year = {2003},
  pages = {599--602}
}

@article{lyssenko_clinical_2008,
  title = {Clinical Risk Factors, {{DNA}} Variants, and the Development of Type 2 Diabetes},
  volume = {359},
  issn = {1533-4406},
  doi = {10.1056/NEJMoa0801869},
  language = {eng},
  timestamp = {2017-06-02T15:55:06Z},
  number = {21},
  journal = {The New England Journal of Medicine},
  author = {Lyssenko, Valeriya and Jonsson, Anna and Almgren, Peter and Pulizzi, Nicol{\'o} and Isomaa, Bo and Tuomi, Tiinamaija and Berglund, G{\"o}ran and Altshuler, David and Nilsson, Peter and Groop, Leif},
  month = nov,
  year = {2008},
  keywords = {Adult,Blood Glucose,Blood Pressure,Body mass index,Diabetes Mellitus; Type 2,Female,Finland,Follow-Up Studies,Genetic Predisposition to Disease,Genotype,Humans,Insulin,Logistic Models,Male,Middle Aged,Odds Ratio,Polymorphism; Single Nucleotide,Proteins,Risk Factors,ROC Curve,Smoking,Sweden,Transaminases},
  pages = {2220--2232},
  pmid = {19020324}
}

@article{mykkanen_cardiovascular_1993,
  title = {Cardiovascular Disease Risk Factors as Predictors of Type 2 (Non-Insulin-Dependent) Diabetes Mellitus in Elderly Subjects},
  volume = {36},
  issn = {0012-186X},
  language = {eng},
  timestamp = {2017-06-02T15:55:10Z},
  number = {6},
  journal = {Diabetologia},
  author = {Mykk{\"a}nen, L. and Kuusisto, J. and Py{\"o}r{\"a}l{\"a}, K. and Laakso, M.},
  month = jun,
  year = {1993},
  keywords = {Aged,Analysis of Variance,Anthropometry,Blood Glucose,Blood Pressure,Body mass index,Cholesterol,Cholesterol; HDL,Diabetes Mellitus; Type 2,Family,Female,Follow-Up Studies,Glucose Tolerance Test,Humans,Hypertension,Insulin,Male,Prevalence,Risk Factors,Sex Factors,Triglycerides},
  pages = {553--559},
  pmid = {8335178}
}

@article{noble_risk_2011,
  title = {Risk Models and Scores for Type 2 Diabetes: Systematic Review},
  volume = {343},
  issn = {0959-8138, 1468-5833},
  shorttitle = {Risk Models and Scores for Type 2 Diabetes},
  doi = {10.1136/bmj.d7163},
  language = {en},
  timestamp = {2017-06-02T15:55:13Z},
  urldate = {2017-06-02},
  journal = {BMJ},
  author = {Noble, Douglas and Mathur, Rohini and Dent, Tom and Meads, Catherine and Greenhalgh, Trisha},
  month = nov,
  year = {2011},
  pages = {d7163},
  pmid = {22123912}
}

@article{matthews_homeostasis_1985,
  title = {Homeostasis Model Assessment: Insulin Resistance and Beta-Cell Function from Fasting Plasma Glucose and Insulin Concentrations in Man},
  volume = {28},
  issn = {0012-186X},
  shorttitle = {Homeostasis Model Assessment},
  language = {eng},
  timestamp = {2017-06-02T15:58:09Z},
  number = {7},
  journal = {Diabetologia},
  author = {Matthews, D. R. and Hosker, J. P. and Rudenski, A. S. and Naylor, B. A. and Treacher, D. F. and Turner, R. C.},
  month = jul,
  year = {1985},
  keywords = {Adult,Blood Glucose,Computers,Diabetes Mellitus; Type 2,Erythrocytes,Fasting,Homeostasis,Humans,Insulin,Insulin resistance,Islets of Langerhans,Middle Aged,Monocytes,Receptor; Insulin},
  pages = {412--419},
  pmid = {3899825}
}

@article{kaprio_concordance_1992,
  title = {Concordance for {{Type}} 1 (Insulin-Dependent) and {{Type}} 2 (Non-Insulin-Dependent) Diabetes Mellitus in a Population-Based Cohort of Twins in {{Finland}}},
  volume = {35},
  issn = {0012-186X, 1432-0428},
  doi = {10.1007/BF02221682},
  language = {en},
  timestamp = {2017-06-02T16:02:45Z},
  number = {11},
  urldate = {2017-06-02},
  journal = {Diabetologia},
  author = {Kaprio, J. and Tuomilehto, J. and Koskenvuo, M. and Romanov, K. and Reunanen, A. and Eriksson, J. and Steng{\aa}rd, J. and Kes{\"a}niemi, Y. A.},
  month = nov,
  year = {1992},
  pages = {1060--1067}
}

@article{thanabalasingham_diagnosis_2011,
  title = {Diagnosis and Management of Maturity Onset Diabetes of the Young ({{MODY}})},
  volume = {343},
  issn = {0959-8138, 1468-5833},
  doi = {10.1136/bmj.d6044},
  language = {en},
  timestamp = {2017-06-02T16:04:44Z},
  number = {oct19 3},
  urldate = {2017-06-02},
  journal = {BMJ},
  author = {Thanabalasingham, G. and Owen, K. R.},
  month = oct,
  year = {2011},
  pages = {d6044--d6044}
}

@article{kleiner_design_2005,
  title = {Design and Validation of a Histological Scoring System for Nonalcoholic Fatty Liver Disease},
  volume = {41},
  issn = {0270-9139},
  doi = {10.1002/hep.20701},
  language = {eng},
  timestamp = {2017-06-02T16:05:51Z},
  number = {6},
  journal = {Hepatology (Baltimore, Md.)},
  author = {Kleiner, David E. and Brunt, Elizabeth M. and Van Natta, Mark and Behling, Cynthia and Contos, Melissa J. and Cummings, Oscar W. and Ferrell, Linda D. and Liu, Yao-Chang and Torbenson, Michael S. and Unalp-Arida, Aynur and Yeh, Matthew and McCullough, Arthur J. and Sanyal, Arun J. and {Nonalcoholic Steatohepatitis Clinical Research Network}},
  month = jun,
  year = {2005},
  keywords = {Adult,Child,Fatty Liver,Fibrosis,Humans,Inflammation,Liver,Logistic Models,Observer Variation,Severity of Illness Index},
  pages = {1313--1321},
  pmid = {15915461}
}

@article{meigs_parental_2000,
  title = {Parental Transmission of Type 2 Diabetes: The {{Framingham Offspring Study}}},
  volume = {49},
  issn = {0012-1797},
  shorttitle = {Parental Transmission of Type 2 Diabetes},
  language = {eng},
  timestamp = {2017-06-02T16:06:32Z},
  number = {12},
  journal = {Diabetes},
  author = {Meigs, J. B. and Cupples, L. A. and Wilson, P. W.},
  month = dec,
  year = {2000},
  keywords = {Adult,Aged,Aged; 80 and over,Blood Glucose,Cohort Studies,Diabetes Mellitus; Type 2,Fathers,Female,Genetic Predisposition to Disease,Glucose Tolerance Test,Humans,Hypoglycemic Agents,Insulin resistance,Male,Middle Aged,Mothers,Odds Ratio,Prevalence,Randomized Controlled Trials as Topic},
  pages = {2201--2207},
  pmid = {11118026}
}

@article{kobberling_empirical_1982,
  title = {Empirical Risk Figures for First Degree Relatives of Non-Insulin Dependent Diabetics},
  volume = {1},
  timestamp = {2017-06-02T16:09:10Z},
  number = {982},
  journal = {The genetics of diabetes mellitus},
  author = {Kobberling, J and Tillil, H},
  year = {1982},
  pages = {201--209}
}

@article{tam_common_2010,
  title = {Common Polymorphisms in {{MTNR1B}}, {{G6PC2}} and {{GCK}} Are Associated with Increased Fasting Plasma Glucose and Impaired Beta-Cell Function in {{Chinese}} Subjects},
  volume = {5},
  issn = {1932-6203},
  doi = {10.1371/journal.pone.0011428},
  language = {eng},
  timestamp = {2017-06-02T16:29:50Z},
  number = {7},
  journal = {PloS One},
  author = {Tam, Claudia Ha Ting and Ho, Janice Sin Ka and Wang, Ying and Lee, Heung Man and Lam, Vincent Kwok Lim and Germer, Soren and Martin, Mitchell and So, Wing Yee and Ma, Ronald Ching Wan and Chan, Juliana Chung Ngor and Ng, Maggie Chor Yin},
  month = jul,
  year = {2010},
  keywords = {Adaptor Proteins; Signal Transducing,Adult,Asian Continental Ancestry Group,Blood Glucose,Diabetes Mellitus; Type 2,Fasting,Female,Genotype,Glucokinase,Glucose-6-Phosphatase,Humans,Insulin-Secreting Cells,Male,Middle Aged,Polymorphism; Single Nucleotide,Receptors; Melatonin},
  pages = {e11428},
  pmid = {20628598},
  pmcid = {PMC2900202}
}

@article{grant_variant_2006,
  title = {Variant of Transcription Factor 7-like 2 ({{TCF7L2}}) Gene Confers Risk of Type 2 Diabetes},
  volume = {38},
  issn = {1061-4036},
  doi = {10.1038/ng1732},
  language = {eng},
  timestamp = {2017-06-02T16:38:41Z},
  number = {3},
  journal = {Nature Genetics},
  author = {Grant, Struan F. A. and Thorleifsson, Gudmar and Reynisdottir, Inga and Benediktsson, Rafn and Manolescu, Andrei and Sainz, Jesus and Helgason, Agnar and Stefansson, Hreinn and Emilsson, Valur and Helgadottir, Anna and Styrkarsdottir, Unnur and Magnusson, Kristinn P. and Walters, G. Bragi and Palsdottir, Ebba and Jonsdottir, Thorbjorg and Gudmundsdottir, Thorunn and Gylfason, Arnaldur and Saemundsdottir, Jona and Wilensky, Robert L. and Reilly, Muredach P. and Rader, Daniel J. and Bagger, Yu and Christiansen, Claus and Gudnason, Vilmundur and Sigurdsson, Gunnar and Thorsteinsdottir, Unnur and Gulcher, Jeffrey R. and Kong, Augustine and Stefansson, Kari},
  month = mar,
  year = {2006},
  keywords = {Chromosome Mapping,Chromosomes; Human; Pair 10,Cohort Studies,Denmark,Diabetes Mellitus; Type 2,Gene Frequency,Genetic Predisposition to Disease,Heterozygote Detection,Humans,Introns,Microsatellite Repeats,Molecular Sequence Data,Reference Values,TCF Transcription Factors,Transcription Factor 7-Like 2 Protein},
  pages = {320--323},
  pmid = {16415884}
}

@article{zhang_variant_2006,
  title = {Variant of Transcription Factor 7-like 2 ({{TCF7L2}}) Gene and the Risk of Type 2 Diabetes in Large Cohorts of {{U}}.{{S}}. Women and Men},
  volume = {55},
  issn = {0012-1797},
  doi = {10.2337/db06-0643},
  language = {eng},
  timestamp = {2017-06-02T16:38:43Z},
  number = {9},
  journal = {Diabetes},
  author = {Zhang, Cuilin and Qi, Lu and Hunter, David J. and Meigs, James B. and Manson, JoAnn E. and {van Dam}, Rob M. and Hu, Frank B.},
  month = sep,
  year = {2006},
  keywords = {Adult,Aged,Cohort Studies,Diabetes Mellitus; Type 2,European Continental Ancestry Group,Female,Genetic Predisposition to Disease,Genetics; Population,Humans,Male,Middle Aged,Polymorphism; Single Nucleotide,Prospective Studies,Risk Factors,TCF Transcription Factors,Transcription Factor 7-Like 2 Protein,United States},
  pages = {2645--2648},
  pmid = {16936216}
}

@article{groves_association_2006,
  title = {Association Analysis of 6,736 {{U}}.{{K}}. Subjects Provides Replication and Confirms {{TCF7L2}} as a Type 2 Diabetes Susceptibility Gene with a Substantial Effect on Individual Risk},
  volume = {55},
  issn = {0012-1797},
  doi = {10.2337/db06-0355},
  language = {eng},
  timestamp = {2017-06-02T16:38:47Z},
  number = {9},
  journal = {Diabetes},
  author = {Groves, Christopher J. and Zeggini, Eleftheria and Minton, Jayne and Frayling, Timothy M. and Weedon, Michael N. and Rayner, Nigel W. and Hitman, Graham A. and Walker, Mark and Wiltshire, Steven and Hattersley, Andrew T. and McCarthy, Mark I.},
  month = sep,
  year = {2006},
  keywords = {Adult,Aged,Diabetes Mellitus; Type 2,Female,Gene Frequency,Genetic Predisposition to Disease,Genetics; Population,Genotype,Humans,Linkage Disequilibrium,Male,Middle Aged,Polymorphism; Single Nucleotide,Risk Factors,TCF Transcription Factors,Transcription Factor 7-Like 2 Protein,United Kingdom},
  pages = {2640--2644},
  pmid = {16936215}
}

@article{mccarthy_genome-wide_2009,
  title = {Genome-Wide Association Studies in Type 2 Diabetes},
  volume = {9},
  issn = {1534-4827},
  timestamp = {2017-06-02T16:50:25Z},
  number = {2},
  urldate = {2017-06-02},
  journal = {Current diabetes reports},
  author = {McCarthy, Mark I and Zeggini, Eleftheria},
  month = apr,
  year = {2009},
  pages = {164--171},
  pmid = {19323962},
  pmcid = {PMC2694564}
}

@article{beer_p446l_2009,
  title = {The {{P446L}} Variant in {{GCKR}} Associated with Fasting Plasma Glucose and Triglyceride Levels Exerts Its Effect through Increased Glucokinase Activity in Liver},
  volume = {18},
  issn = {1460-2083},
  doi = {10.1093/hmg/ddp357},
  language = {eng},
  timestamp = {2017-06-02T16:50:33Z},
  number = {21},
  journal = {Human Molecular Genetics},
  author = {Beer, Nicola L. and Tribble, Nicholas D. and McCulloch, Laura J. and Roos, Charlotta and Johnson, Paul R. V. and Orho-Melander, Marju and Gloyn, Anna L.},
  month = nov,
  year = {2009},
  keywords = {Adaptor Proteins; Signal Transducing,Amino Acid Substitution,Blood Glucose,Catalysis,Fasting,Fructosephosphates,Gene Expression Profiling,Glucokinase,Glucose,Humans,Islets of Langerhans,Kinetics,Liver,Mutation,Recombinant Proteins,Reverse Transcriptase Polymerase Chain Reaction,Triglycerides},
  pages = {4081--4088},
  pmid = {19643913},
  pmcid = {PMC2758140}
}

@article{lupski_clan_2011,
  title = {Clan Genomics and the Complex Architecture of Human Disease},
  volume = {147},
  issn = {1097-4172},
  doi = {10.1016/j.cell.2011.09.008},
  language = {eng},
  timestamp = {2017-06-02T16:56:50Z},
  number = {1},
  journal = {Cell},
  author = {Lupski, James R. and Belmont, John W. and Boerwinkle, Eric and Gibbs, Richard A.},
  month = sep,
  year = {2011},
  keywords = {Genetic Predisposition to Disease,Genetics; Population,Genetic variation,Genome; Human,Genomics,Humans,Pedigree,Pilot Projects,Precision Medicine},
  pages = {32--43},
  pmid = {21962505},
  pmcid = {PMC3656718}
}

@article{schork_common_2009,
  series = {Genetics of disease},
  title = {Common vs. Rare Allele Hypotheses for Complex Diseases},
  volume = {19},
  issn = {0959-437X},
  doi = {10.1016/j.gde.2009.04.010},
  timestamp = {2017-06-02T16:56:53Z},
  number = {3},
  urldate = {2017-06-02},
  journal = {Current Opinion in Genetics \& Development},
  author = {Schork, Nicholas J and Murray, Sarah S and Frazer, Kelly A and Topol, Eric J},
  month = jun,
  year = {2009},
  pages = {212--219}
}

@article{neel_diabetes_1962,
  title = {Diabetes Mellitus: A "Thrifty" Genotype Rendered Detrimental by "Progress"?},
  volume = {14},
  issn = {0002-9297},
  shorttitle = {Diabetes Mellitus},
  language = {eng},
  timestamp = {2017-06-02T17:03:13Z},
  journal = {American Journal of Human Genetics},
  author = {Neel, J. V.},
  month = dec,
  year = {1962},
  keywords = {Chromosomes,Diabetes Mellitus,Genotype,Humans},
  pages = {353--362},
  pmid = {13937884},
  pmcid = {PMC1932342}
}

@article{raciti_personalized_2014,
  title = {Personalized Medicine and Type 2 Diabetes: Lesson from Epigenetics},
  volume = {6},
  issn = {1750-192X},
  shorttitle = {Personalized Medicine and Type 2 Diabetes},
  doi = {10.2217/epi.14.10},
  language = {eng},
  timestamp = {2017-06-02T17:04:07Z},
  number = {2},
  journal = {Epigenomics},
  author = {Raciti, Gregory Alexander and Nigro, Cecilia and Longo, Michele and Parrillo, Luca and Miele, Claudia and Formisano, Pietro and B{\'e}guinot, Francesco},
  month = apr,
  year = {2014},
  keywords = {Diabetes Mellitus; Type 2,DNA Methylation,Epigenesis; Genetic,Histones,Humans,Hypoglycemic Agents,Precision Medicine},
  pages = {229--238},
  pmid = {24811791}
}

@article{zierath_research_2011,
  title = {Research {{Highlights}}: {{Nutritional}} Status Affects the Epigenomic Profile of Peripheral Blood Cells},
  volume = {3},
  issn = {1750-1911},
  shorttitle = {Research {{Highlights}}},
  doi = {10.2217/epi.11.24},
  timestamp = {2017-06-02T17:04:54Z},
  number = {3},
  urldate = {2017-06-02},
  journal = {Epigenomics},
  author = {Zierath, Juleen R and Barr{\`e}s, Romain E},
  month = jun,
  year = {2011},
  pages = {259--260}
}

@article{hales_type_1992,
  title = {Type 2 (Non-Insulin-Dependent) Diabetes Mellitus: The Thrifty Phenotype Hypothesis},
  volume = {35},
  issn = {0012-186X},
  shorttitle = {Type 2 (Non-Insulin-Dependent) Diabetes Mellitus},
  language = {eng},
  timestamp = {2017-06-06T11:13:00Z},
  number = {7},
  journal = {Diabetologia},
  author = {Hales, C. N. and Barker, D. J.},
  month = jul,
  year = {1992},
  keywords = {Diabetes Mellitus; Type 2,Fetus,Humans,Infant,Models; Biological,Phenotype},
  pages = {595--601},
  pmid = {1644236}
}

@article{ravelli_glucose_1998,
  title = {Glucose Tolerance in Adults after Prenatal Exposure to Famine},
  volume = {351},
  issn = {0140-6736},
  language = {eng},
  timestamp = {2017-06-06T11:13:04Z},
  number = {9097},
  journal = {Lancet (London, England)},
  author = {Ravelli, A. C. and {van der Meulen}, J. H. and Michels, R. P. and Osmond, C. and Barker, D. J. and Hales, C. N. and Bleker, O. P.},
  month = jan,
  year = {1998},
  keywords = {Birth weight,Body mass index,Cohort Studies,Diabetes Mellitus; Type 2,Female,Fetal Growth Retardation,Glucose Intolerance,Glucose Tolerance Test,Humans,Insulin,Male,Middle Aged,Netherlands,Pregnancy,Prenatal Exposure Delayed Effects,Starvation},
  pages = {173--177},
  pmid = {9449872}
}

@article{pettitt_congenital_1988,
  title = {Congenital Susceptibility to {{NIDDM}}. {{Role}} of Intrauterine Environment},
  volume = {37},
  issn = {0012-1797},
  language = {eng},
  timestamp = {2017-06-06T11:13:13Z},
  number = {5},
  journal = {Diabetes},
  author = {Pettitt, D. J. and Aleck, K. A. and Baird, H. R. and Carraher, M. J. and Bennett, P. H. and Knowler, W. C.},
  month = may,
  year = {1988},
  keywords = {Adolescent,Adult,Age Factors,Diabetes Mellitus; Type 2,Fathers,Female,Humans,Indians; North American,Male,Mothers,Pregnancy,Pregnancy in Diabetics},
  pages = {622--628},
  pmid = {3360218}
}

@article{dabelea_intrauterine_2000,
  title = {Intrauterine Exposure to Diabetes Conveys Risks for Type 2 Diabetes and Obesity: A Study of Discordant Sibships},
  volume = {49},
  issn = {0012-1797},
  shorttitle = {Intrauterine Exposure to Diabetes Conveys Risks for Type 2 Diabetes and Obesity},
  language = {eng},
  timestamp = {2017-06-06T11:16:08Z},
  number = {12},
  journal = {Diabetes},
  author = {Dabelea, D. and Hanson, R. L. and Lindsay, R. S. and Pettitt, D. J. and Imperatore, G. and Gabir, M. M. and Roumain, J. and Bennett, P. H. and Knowler, W. C.},
  month = dec,
  year = {2000},
  keywords = {Adult,Arizona,Body mass index,Diabetes Mellitus; Type 2,Female,Genetic Predisposition to Disease,Humans,Indians; North American,Male,Obesity,Pregnancy,Pregnancy Complications,Prevalence,Reference Values,Risk Factors},
  pages = {2208--2211},
  pmid = {11118027}
}

@article{pettitt_excessive_1983,
  title = {Excessive Obesity in Offspring of {{Pima Indian}} Women with Diabetes during Pregnancy},
  volume = {308},
  issn = {0028-4793},
  doi = {10.1056/NEJM198302033080502},
  language = {eng},
  timestamp = {2017-06-06T11:16:15Z},
  number = {5},
  journal = {The New England Journal of Medicine},
  author = {Pettitt, D. J. and Baird, H. R. and Aleck, K. A. and Bennett, P. H. and Knowler, W. C.},
  month = feb,
  year = {1983},
  keywords = {Adolescent,Adult,Arizona,Child,Child; Preschool,Female,Humans,Indians; North American,longitudinal studies,Obesity,Prediabetic State,Pregnancy,Pregnancy in Diabetics,Prenatal Exposure Delayed Effects},
  pages = {242--245},
  pmid = {6848933}
}

@article{pavkov_effect_2010,
  title = {Effect of {{Intrauterine Diabetes Exposure}} on the {{Incidence}} of {{End}}-{{Stage Renal Disease}} in {{Young Adults With Type}} 2 {{Diabetes}}},
  volume = {33},
  issn = {0149-5992, 1935-5548},
  doi = {10.2337/dc10-0811},
  language = {en},
  timestamp = {2017-06-06T11:17:08Z},
  number = {11},
  urldate = {2017-06-06},
  journal = {Diabetes Care},
  author = {Pavkov, M. E. and Hanson, R. L. and Knowler, W. C. and Sievers, M. L. and Bennett, P. H. and Nelson, R. G.},
  month = nov,
  year = {2010},
  pages = {2396--2398}
}

@article{hall_effects_2014,
  title = {Effects of Palmitate on Genome-Wide {{mRNA}} Expression and {{DNA}} Methylation Patterns in Human Pancreatic Islets},
  volume = {12},
  issn = {1741-7015},
  doi = {10.1186/1741-7015-12-103},
  language = {eng},
  timestamp = {2017-06-06T12:00:01Z},
  journal = {BMC medicine},
  author = {Hall, Elin and Volkov, Petr and Dayeh, Tasnim and Bacos, Karl and R{\"o}nn, Tina and Nitert, Marloes Dekker and Ling, Charlotte},
  month = jun,
  year = {2014},
  keywords = {Apoptosis,Caspase 3,Caspase 7,CpG Islands,Diabetes Mellitus; Type 2,DNA Methylation,Epigenesis; Genetic,Gene Expression,Genome-wide association study,Glucose,Humans,Insulin,Islets of Langerhans,Lipid Metabolism,Obesity,Palmitates,Promoter Regions; Genetic,RNA; Messenger,Transcriptome},
  pages = {103},
  pmid = {24953961},
  pmcid = {PMC4065864}
}

@article{li_f0_2014,
  title = {F0 Maternal {{BPA}} Exposure Induced Glucose Intolerance of {{F2}} Generation through {{DNA}} Methylation Change in {{Gck}}},
  volume = {228},
  issn = {1879-3169},
  doi = {10.1016/j.toxlet.2014.04.012},
  language = {eng},
  timestamp = {2017-06-06T11:23:39Z},
  number = {3},
  journal = {Toxicology Letters},
  author = {Li, Gengqi and Chang, Huailong and Xia, Wei and Mao, Zhenxing and Li, Yuanyuan and Xu, Shunqing},
  month = aug,
  year = {2014},
  keywords = {Animals,Benzhydryl Compounds,Biomarkers,Bisphenol A,Blood Glucose,CpG Islands,DNA Methylation,Endocrine Disruptors,Epigenesis; Genetic,F2 generation,Female,Gck,Gestational Age,Glucokinase,Glucose Intolerance,Insulin resistance,Lactation,Male,Maternal Exposure,Phenols,Pregnancy,Prenatal Exposure Delayed Effects,Promoter Regions; Genetic,Rats,Rats; Sprague-Dawley,Sperm,Spermatozoa},
  pages = {192--199},
  pmid = {24793715}
}

@article{rajesh_gestational_2015,
  title = {Gestational Exposure to Di(2-Ethylhexyl) Phthalate ({{DEHP}}) Impairs Pancreatic $\beta$-Cell Function in {{F1}} Rat Offspring},
  volume = {232},
  issn = {1879-3169},
  doi = {10.1016/j.toxlet.2014.09.025},
  language = {eng},
  timestamp = {2017-06-06T11:23:44Z},
  number = {1},
  journal = {Toxicology Letters},
  author = {Rajesh, P. and Balasubramanian, K.},
  month = jan,
  year = {2015},
  keywords = {Animals,Animals; Newborn,Blood Glucose,Di(2-ethylhexyl) phthalate,Diethylhexyl Phthalate,DNA Methylation,Dose-Response Relationship; Drug,Endocrine disruptor,Endocrine Disruptors,Epigenesis; Genetic,Female,Gene Expression Regulation; Developmental,Gene Expression Regulation; Enzymologic,Gestational Age,Insulin,Insulin resistance,Insulin-Secreting Cells,MafA,Maternal Exposure,Plasticizers,Pregnancy,Prenatal Exposure Delayed Effects,Rats; Wistar,RNA; Messenger,β-cell},
  pages = {46--57},
  pmid = {25280772}
}

@article{bi_diabetes_2015,
  title = {Diabetes Genetic Risk Score Modifies Effect of Bisphenol {{A}} Exposure on Deterioration in Glucose Metabolism},
  issn = {0021-972X},
  doi = {10.1210/jc.2015-3039},
  timestamp = {2017-06-06T11:32:51Z},
  urldate = {2015-11-03},
  journal = {The Journal of Clinical Endocrinology \& Metabolism},
  author = {Bi, Yufang and Wang, Weiqing and Xu, Min and Wang, Tiange and Lu, Jieli and Xu, Yu and Dai, Meng and Chen, Yuhong and Zhang, Di and Sun, Wanwan and Ding, Lin and Chen, Ying and Huang, Xiaolin and Lin, Lin and Qi, Lu and Lai, Shenghan and Ning, Guang},
  month = nov,
  year = {2015},
  pages = {jc.2015--3039}
}

@article{dayeh_dna_2016,
  title = {{{DNA}} Methylation of Loci within {{ABCG1}} and {{PHOSPHO1}} in Blood {{DNA}} Is Associated with Future Type 2 Diabetes Risk},
  volume = {11},
  issn = {1559-2308},
  doi = {10.1080/15592294.2016.1178418},
  language = {eng},
  timestamp = {2017-06-06T11:38:57Z},
  number = {7},
  journal = {Epigenetics},
  author = {Dayeh, Tasnim and Tuomi, Tiinamaija and Almgren, Peter and Perfilyev, Alexander and Jansson, Per-Anders and {de Mello}, Vanessa D. and Pihlajam{\"a}ki, Jussi and Vaag, Allan and Groop, Leif and Nilsson, Emma and Ling, Charlotte},
  month = jul,
  year = {2016},
  keywords = {ABCG1,Adipose Tissue,Adult,ATP Binding Cassette Transporter; Sub-Family G; Member 1,Biomarkers,blood,Case-Control Studies,Diabetes Mellitus; Type 2,DNA,DNA Methylation,Epigenesis; Genetic,epigenetics,Female,Humans,Liver,Male,Middle Aged,Muscle; Skeletal,pancreatic islets,PHOSPHO1,Phosphoric Monoester Hydrolases,skeletal muscle,Twins; Monozygotic,Type 2 diabetes},
  pages = {482--488},
  pmid = {27148772},
  pmcid = {PMC4939923}
}

@article{canivell_differential_2014,
  title = {Differential Methylation of {{TCF7L2}} Promoter in Peripheral Blood {{DNA}} in Newly Diagnosed, Drug-Na{\"\i}ve Patients with Type 2 Diabetes},
  volume = {9},
  issn = {1932-6203},
  doi = {10.1371/journal.pone.0099310},
  language = {eng},
  timestamp = {2017-06-06T11:39:01Z},
  number = {6},
  journal = {PloS One},
  author = {Canivell, Silvia and Ruano, Elena G. and Sis{\'o}-Almirall, Antoni and Kostov, Belchin and Gonz{\'a}lez-de Paz, Luis and Fernandez-Rebollo, Eduardo and Hanzu, Felicia A. and P{\'a}rrizas, Marcelina and Novials, Anna and Gomis, Ramon},
  year = {2014},
  keywords = {Aged,Case-Control Studies,CpG Islands,Diabetes Mellitus; Type 2,DNA,DNA Methylation,Female,Humans,Male,Metabolomics,Promoter Regions; Genetic,Transcription Factor 7-Like 2 Protein},
  pages = {e99310},
  pmid = {24914535},
  pmcid = {PMC4051650}
}

@article{toperoff_genome-wide_2012,
  title = {Genome-Wide Survey Reveals Predisposing Diabetes Type 2-Related {{DNA}} Methylation Variations in Human Peripheral Blood},
  volume = {21},
  issn = {1460-2083},
  doi = {10.1093/hmg/ddr472},
  language = {eng},
  timestamp = {2017-06-06T11:39:05Z},
  number = {2},
  journal = {Human Molecular Genetics},
  author = {Toperoff, Gidon and Aran, Dvir and Kark, Jeremy D. and Rosenberg, Michael and Dubnikov, Tatyana and Nissan, Batel and Wainstein, Julio and Friedlander, Yechiel and Levy-Lahad, Ephrat and Glaser, Benjamin and Hellman, Asaf},
  month = jan,
  year = {2012},
  keywords = {Adult,Aged,Case-Control Studies,CpG Islands,Diabetes Mellitus; Type 2,DNA Methylation,Female,Genetic Predisposition to Disease,Genome-wide association study,Humans,Male,Middle Aged},
  pages = {371--383},
  pmid = {21994764},
  pmcid = {PMC3276288}
}

@article{bell_integrated_2010,
  title = {Integrated {{Genetic}} and {{Epigenetic Analysis Identifies Haplotype}}-{{Specific Methylation}} in the {{FTO Type}} 2 {{Diabetes}} and {{Obesity Susceptibility Locus}}},
  volume = {5},
  issn = {1932-6203},
  doi = {10.1371/journal.pone.0014040},
  timestamp = {2017-06-06T11:39:08Z},
  number = {11},
  urldate = {2017-06-06},
  journal = {PLOS ONE},
  author = {Bell, Christopher G. and Finer, Sarah and Lindgren, Cecilia M. and Wilson, Gareth A. and Rakyan, Vardhman K. and Teschendorff, Andrew E. and Akan, Pelin and Stupka, Elia and Down, Thomas A. and Prokopenko, Inga and Morison, Ian M. and Mill, Jonathan and Pidsley, Ruth and Consortium, International Type 2 Diabetes 1q and Deloukas, Panos and Frayling, Timothy M. and Hattersley, Andrew T. and McCarthy, Mark I. and Beck, Stephan and Hitman, Graham A.},
  month = nov,
  year = {2010},
  keywords = {A,b,c,D,e,g,h,i,l,m,N,o,p,r,s,t,y},
  pages = {e14040}
}

@article{chambers_epigenome-wide_2015,
  title = {Epigenome-Wide Association of {{DNA}} Methylation Markers in Peripheral Blood from {{Indian Asians}} and {{Europeans}} with Incident Type 2 Diabetes: A Nested Case-Control Study},
  volume = {3},
  issn = {2213-8595},
  shorttitle = {Epigenome-Wide Association of {{DNA}} Methylation Markers in Peripheral Blood from {{Indian Asians}} and {{Europeans}} with Incident Type 2 Diabetes},
  doi = {10.1016/S2213-8587(15)00127-8},
  language = {eng},
  timestamp = {2017-06-06T11:39:17Z},
  number = {7},
  journal = {The Lancet. Diabetes \& Endocrinology},
  author = {Chambers, John C. and Loh, Marie and Lehne, Benjamin and Drong, Alexander and Kriebel, Jennifer and Motta, Valeria and Wahl, Simone and Elliott, Hannah R. and Rota, Federica and Scott, William R. and Zhang, Weihua and Tan, Sian-Tsung and Campanella, Gianluca and Chadeau-Hyam, Marc and Yengo, Loic and Richmond, Rebecca C. and Adamowicz-Brice, Martyna and Afzal, Uzma and Bozaoglu, Kiymet and Mok, Zuan Yu and Ng, Hong Kiat and Pattou, Fran{\c c}ois and Prokisch, Holger and Rozario, Michelle Ann and Tarantini, Letizia and Abbott, James and Ala-Korpela, Mika and Albetti, Benedetta and Ammerpohl, Ole and Bertazzi, Pier Alberto and Blancher, Christine and Caiazzo, Robert and Danesh, John and Gaunt, Tom R. and {de Lusignan}, Simon and Gieger, Christian and Illig, Thomas and Jha, Sujeet and Jones, Simon and Jowett, Jeremy and Kangas, Antti J. and Kasturiratne, Anuradhani and Kato, Norihiro and Kotea, Navaratnam and Kowlessur, Sudhir and Pitk{\"a}niemi, Janne and Punjabi, Prakash and Saleheen, Danish and Schafmayer, Clemens and Soininen, Pasi and Tai, E.-Shyong and Thorand, Barbara and Tuomilehto, Jaakko and Wickremasinghe, Ananda Rajitha and Kyrtopoulos, Soterios A. and Aitman, Timothy J. and Herder, Christian and Hampe, Jochen and Cauchi, St{\'e}phane and Relton, Caroline L. and Froguel, Philippe and Soong, Richie and Vineis, Paolo and Jarvelin, Marjo-Riitta and Scott, James and Grallert, Harald and Bollati, Valentina and Elliott, Paul and McCarthy, Mark I. and Kooner, Jaspal S.},
  month = jul,
  year = {2015},
  keywords = {Asian Continental Ancestry Group,Case-Control Studies,Diabetes Mellitus; Type 2,DNA Methylation,Epigenesis; Genetic,European Continental Ancestry Group,Female,Genetic Markers,Genome-wide association study,Humans,Male,Middle Aged,Prospective Studies,Risk Factors},
  pages = {526--534},
  pmid = {26095709},
  pmcid = {PMC4724884}
}

@article{stitzel_global_2010,
  title = {Global Epigenomic Analysis of Primary Human Pancreatic Islets Provides Insights into Type 2 Diabetes Susceptibility Loci},
  volume = {12},
  issn = {1932-7420},
  doi = {10.1016/j.cmet.2010.09.012},
  language = {eng},
  timestamp = {2017-06-06T11:43:21Z},
  number = {5},
  journal = {Cell Metabolism},
  author = {Stitzel, Michael L. and Sethupathy, Praveen and Pearson, Daniel S. and Chines, Peter S. and Song, Lingyun and Erdos, Michael R. and Welch, Ryan and Parker, Stephen C. J. and Boyle, Alan P. and Scott, Laura J. and {NISC Comparative Sequencing Program} and Margulies, Elliott H. and Boehnke, Michael and Furey, Terrence S. and Crawford, Gregory E. and Collins, Francis S.},
  month = nov,
  year = {2010},
  keywords = {Deoxyribonuclease I,Diabetes Mellitus; Type 2,Epigenomics,Genetic Loci,Genome-wide association study,HeLa Cells,Histones,Humans,Islets of Langerhans,Lysine,Methylation,Promoter Regions; Genetic,Regulatory Sequences; Nucleic Acid,Repressor Proteins},
  pages = {443--455},
  pmid = {21035756},
  pmcid = {PMC3026436}
}

@article{dayeh_genome-wide_2014,
  title = {Genome-Wide {{DNA}} Methylation Analysis of Human Pancreatic Islets from Type 2 Diabetic and Non-Diabetic Donors Identifies Candidate Genes That Influence Insulin Secretion},
  volume = {10},
  issn = {1553-7404},
  doi = {10.1371/journal.pgen.1004160},
  language = {eng},
  timestamp = {2017-06-06T12:00:17Z},
  number = {3},
  journal = {PLoS genetics},
  author = {Dayeh, Tasnim and Volkov, Petr and Sal{\"o}, Sofia and Hall, Elin and Nilsson, Emma and Olsson, Anders H. and Kirkpatrick, Clare L. and Wollheim, Claes B. and Eliasson, Lena and R{\"o}nn, Tina and Bacos, Karl and Ling, Charlotte},
  month = mar,
  year = {2014},
  keywords = {CpG Islands,Diabetes Mellitus; Type 2,Disease Susceptibility,DNA Methylation,Epigenesis; Genetic,Exocytosis,Genome; Human,Humans,Insulin,Insulin-Secreting Cells,Islets of Langerhans,Promoter Regions; Genetic},
  pages = {e1004160},
  pmid = {24603685},
  pmcid = {PMC3945174}
}

@article{volkmar_dna_2012,
  title = {{{DNA}} Methylation Profiling Identifies Epigenetic Dysregulation in Pancreatic Islets from Type 2 Diabetic Patients},
  volume = {31},
  issn = {0261-4189},
  doi = {10.1038/emboj.2011.503},
  timestamp = {2017-06-06T11:43:37Z},
  number = {6},
  urldate = {2017-06-06},
  journal = {The EMBO Journal},
  author = {Volkmar, Michael and Dedeurwaerder, Sarah and Cunha, Daniel A and Ndlovu, Matladi N and Defrance, Matthieu and Deplus, Rachel and Calonne, Emilie and Volkmar, Ute and Igoillo-Esteve, Mariana and Naamane, Najib and Del Guerra, Silvia and Masini, Matilde and Bugliani, Marco and Marchetti, Piero and Cnop, Miriam and Eizirik, Decio L and Fuks, Fran{\c c}ois},
  month = mar,
  year = {2012},
  pages = {1405--1426},
  pmid = {22293752},
  pmcid = {PMC3321176}
}

@article{elliott_role_2017,
  title = {The {{Role}} of {{DNA Methylation}} in {{Type}} 2 {{Diabetes Aetiology}} \textendash{} {{Using Genotype}} as a {{Causal Anchor}}},
  issn = {0012-1797, 1939-327X},
  doi = {10.2337/db16-0874},
  language = {en},
  timestamp = {2017-06-06T11:53:34Z},
  urldate = {2017-03-01},
  journal = {Diabetes},
  author = {Elliott, Hannah R. and Shihab, Hashem A. and Lockett, Gabrielle A. and Holloway, John W. and McRae, Allan F. and Smith, George Davey and Ring, Susan M. and Gaunt, Tom R. and Relton, Caroline L.},
  month = feb,
  year = {2017},
  pages = {db160874}
}

@article{levy_correct_1998,
  title = {Correct Homeostasis Model Assessment ({{HOMA}}) Evaluation Uses the Computer Program},
  volume = {21},
  issn = {0149-5992},
  language = {eng},
  timestamp = {2017-06-06T15:17:48Z},
  number = {12},
  journal = {Diabetes Care},
  author = {Levy, J. C. and Matthews, D. R. and Hermans, M. P.},
  month = dec,
  year = {1998},
  keywords = {Blood Glucose,Feedback,Homeostasis,Humans,Insulin,Models; Biological,Software},
  pages = {2191--2192},
  pmid = {9839117}
}

@article{zeggini_replication_2007,
  title = {Replication of {{Genome}}-{{Wide Association Signals}} in {{UK Samples Reveals Risk Loci}} for {{Type}} 2 {{Diabetes}}},
  volume = {316},
  issn = {0036-8075, 1095-9203},
  doi = {10.1126/science.1142364},
  language = {en},
  timestamp = {2017-06-06T15:34:04Z},
  number = {5829},
  urldate = {2017-06-06},
  journal = {Science},
  author = {Zeggini, E. and Weedon, M. N. and Lindgren, C. M. and Frayling, T. M. and Elliott, K. S. and Lango, H. and Timpson, N. J. and Perry, J. R. B. and Rayner, N. W. and Freathy, R. M. and Barrett, J. C. and Shields, B. and Morris, A. P. and Ellard, S. and Groves, C. J. and Harries, L. W. and Marchini, J. L. and Owen, K. R. and Knight, B. and Cardon, L. R. and Walker, M. and Hitman, G. A. and Morris, A. D. and Doney, A. S. F. and {The Wellcome Trust Case Control Consortium (WTCCC)} and Burton, P. R. and Clayton, D. G. and Craddock, N. and Deloukas, P. and Duncanson, A. and Kwiatkowski, D. P. and Ouwehand, W. H. and Samani, N. J. and Todd, J. A. and Donnelly, P. and Davison, D. and Easton, D. and Evans, D. and Leung, H.-T. and Spencer, C. C. A. and Tobin, M. D. and Attwood, A. P. and Boorman, J. P. and Cant, B. and Everson, U. and Hussey, J. M. and Jolley, J. D. and Knight, A. S. and Koch, K. and Meech, E. and Nutland, S. and Prowse, C. V. and Stevens, H. E. and Taylor, N. C. and Walters, G. R. and Walker, N. M. and Watkins, N. A. and Winzer, T. and Jones, R. W. and McArdle, W. L. and Ring, S. M. and Strachan, D. P. and Pembrey, M. and Breen, G. and St. Clair, D. and Caesar, S. and Gordon-Smith, K. and Jones, L. and Fraser, C. and Green, E. K. and Grozeva, D. and Hamshere, M. L. and Holmans, P. A. and Jones, I. R. and Kirov, G. and Moskvina, V. and Nikolov, I. and O'Donovan, M. C. and Owen, M. J. and Collier, D. A. and Elkin, A. and Farmer, A. and Williamson, R. and McGuffin, P. and Young, A. H. and Ferrier, I. N. and Ball, S. G. and Balmforth, A. J. and Barrett, J. H. and Bishop, D. T. and Iles, M. M. and Maqbool, A. and Yuldasheva, N. and Hall, A. S. and Braund, P. S. and Dixon, R. J. and Mangino, M. and Stevens, S. and Thompson, J. R. and Bredin, F. and Tremelling, M. and Parkes, M. and Drummond, H. and Lees, C. W. and Nimmo, E. R. and Satsangi, J. and Fisher, S. A. and Forbes, A. and Lewis, C. M. and Onnie, C. M. and Prescott, N. J. and Sanderson, J. and Mathew, C. G. and Barbour, J. and Mohiuddin, M. K. and Todhunter, C. E. and Mansfield, J. C. and Ahmad, T. and Cummings, F. R. and Jewell, D. P. and Webster, J. and Brown, M. J. and Lathrop, G. M. and Connell, J. and Dominiczak, A. and Braga Marcano, C. A. and Burke, B. and Dobson, R. and Gungadoo, J. and Lee, K. L. and Munroe, P. B. and Newhouse, S. J. and Onipinla, A. and Wallace, C. and Xue, M. and Caulfield, M. and Farrall, M. and Barton, A. and Bruce, I. N. and Donovan, H. and Eyre, S. and Gilbert, P. D. and Hider, S. L. and Hinks, A. M. and John, S. L. and Potter, C. and Silman, A. J. and Symmons, D. P. M. and Thomson, W. and Worthington, J. and Dunger, D. B. and Widmer, B. and Newport, M. and Sirugo, G. and Lyons, E. and Vannberg, F. and Hill, A. V. S. and Bradbury, L. A. and Farrar, C. and Pointon, J. J. and Wordsworth, P. and Brown, M. A. and Franklyn, J. A. and Heward, J. M. and Simmonds, M. J. and Gough, S. C. L. and Seal, S. and Stratton, M. R. and Rahman, N. and Ban, M. and Goris, A. and Sawcer, S. J. and Compston, A. and Conway, D. and Jallow, M. and Rockett, K. A. and Bumpstead, S. J. and Chaney, A. and Downes, K. and Ghori, M. J. R. and Gwilliam, R. and Hunt, S. E. and Inouye, M. and Keniry, A. and King, E. and McGinnis, R. and Potter, S. and Ravindrarajah, R. and Whittaker, P. and Widden, C. and Withers, D. and Cardin, N. J. and Ferreira, T. and Pereira-Gale, J. and Hallgrimsdottir, I. B. and Howie, B. N. and Su, Z. and Teo, Y. Y. and Vukcevic, D. and Bentley, D. and Compston, A. and Ouwehand, N. J. and Samani, M. R. and Isaacs, J. D. and Morgan, A. W. and Wilson, G. D. and Ardern-Jones, A. and Berg, J. and Brady, A. and Bradshaw, N. and Brewer, C. and Brice, G. and Bullman, B. and Campbell, J. and Castle, B. and Cetnarsryj, R. and Chapman, C. and Chu, C. and Coates, N. and Cole, T. and Davidson, R. and Donaldson, A. and Dorkins, H. and Douglas, F. and Eccles, D. and Eeles, R. and Elmslie, F. and Evans, D. G. and Goff, S. and Goodman, S. and Goudie, D. and Gray, J. and Greenhalgh, L. and Gregory, H. and Hodgson, S. V. and Homfray, T. and Houlston, R. S. and Izatt, L. and Jackson, L. and Jeffers, L. and Johnson-Roffey, V. and Kavalier, F. and Kirk, C. and Lalloo, F. and Langman, C. and Locke, I. and Longmuir, M. and Mackay, J. and Magee, A. and Mansour, S. and Miedzybrodzka, Z. and Miller, J. and Morrison, P. and Murday, V. and Paterson, J. and Pichert, G. and Porteous, M. and Rahman, N. and Rogers, M. and Rowe, S. and Shanley, S. and Saggar, A. and Scott, G. and Side, L. and Snadden, L. and Steel, M. and Thomas, M. and Thomas, S. and McCarthy, M. I. and Hattersley, A. T.},
  month = jun,
  year = {2007},
  pages = {1336--1341}
}

@article{scott_genome-wide_2007,
  title = {A {{Genome}}-{{Wide Association Study}} of {{Type}} 2 {{Diabetes}} in {{Finns Detects Multiple Susceptibility Variants}}},
  volume = {316},
  issn = {0036-8075, 1095-9203},
  doi = {10.1126/science.1142382},
  language = {en},
  timestamp = {2017-06-07T08:57:31Z},
  number = {5829},
  urldate = {2017-06-07},
  journal = {Science},
  author = {Scott, L. J. and Mohlke, K. L. and Bonnycastle, L. L. and Willer, C. J. and Li, Y. and Duren, W. L. and Erdos, M. R. and Stringham, H. M. and Chines, P. S. and Jackson, A. U. and Prokunina-Olsson, L. and Ding, C.-J. and Swift, A. J. and Narisu, N. and Hu, T. and Pruim, R. and Xiao, R. and Li, X.-Y. and Conneely, K. N. and Riebow, N. L. and Sprau, A. G. and Tong, M. and White, P. P. and Hetrick, K. N. and Barnhart, M. W. and Bark, C. W. and Goldstein, J. L. and Watkins, L. and Xiang, F. and Saramies, J. and Buchanan, T. A. and Watanabe, R. M. and Valle, T. T. and Kinnunen, L. and Abecasis, G. R. and Pugh, E. W. and Doheny, K. F. and Bergman, R. N. and Tuomilehto, J. and Collins, F. S. and Boehnke, M.},
  month = jun,
  year = {2007},
  keywords = {Case-Control Studies,Chromosome Mapping,Chromosomes; Human; Pair 11,Diabetes Mellitus; Type 2,DNA; Intergenic,Female,Finland,Genes; p16,Genetic Predisposition to Disease,Genome; Human,Genotype,Humans,Insulin-Like Growth Factor Binding Proteins,Introns,Logistic Models,Male,Meta-Analysis as Topic,Middle Aged,Polymorphism; Single Nucleotide},
  pages = {1341--1345}
}

@article{perry_stratifying_2012-1,
  title = {Stratifying {{Type}} 2 {{Diabetes Cases}} by {{BMI Identifies Genetic Risk Variants}} in {{LAMA1}} and {{Enrichment}} for {{Risk Variants}} in {{Lean Compared}} to {{Obese Cases}}},
  volume = {8},
  issn = {1553-7404},
  doi = {10.1371/journal.pgen.1002741},
  language = {en},
  timestamp = {2017-06-07T08:56:57Z},
  number = {5},
  urldate = {2017-06-07},
  journal = {PLoS Genetics},
  author = {Perry, John R. B. and Voight, Benjamin F. and Yengo, Lo{\"\i}c and Amin, Najaf and Dupuis, Jos{\'e}e and Ganser, Martha and Grallert, Harald and Navarro, Pau and Li, Man and Qi, Lu and Steinthorsdottir, Valgerdur and Scott, Robert A. and Almgren, Peter and Arking, Dan E. and Aulchenko, Yurii and Balkau, Beverley and Benediktsson, Rafn and Bergman, Richard N. and Boerwinkle, Eric and Bonnycastle, Lori and Burtt, No{\"e}l P. and Campbell, Harry and Charpentier, Guillaume and Collins, Francis S. and Gieger, Christian and Green, Todd and Hadjadj, Samy and Hattersley, Andrew T. and Herder, Christian and Hofman, Albert and Johnson, Andrew D. and Kottgen, Anna and Kraft, Peter and Labrune, Yann and Langenberg, Claudia and Manning, Alisa K. and Mohlke, Karen L. and Morris, Andrew P. and Oostra, Ben and Pankow, James and Petersen, Ann-Kristin and Pramstaller, Peter P. and Prokopenko, Inga and Rathmann, Wolfgang and Rayner, William and Roden, Michael and Rudan, Igor and Rybin, Denis and Scott, Laura J. and Sigurdsson, Gunnar and Sladek, Rob and Thorleifsson, Gudmar and Thorsteinsdottir, Unnur and Tuomilehto, Jaakko and Uitterlinden, Andre G. and Vivequin, Sidonie and Weedon, Michael N. and Wright, Alan F. and {MAGIC} and {DIAGRAM Consortium} and {GIANT Consortium} and Hu, Frank B. and Illig, Thomas and Kao, Linda and Meigs, James B. and Wilson, James F. and Stefansson, Kari and {van Duijn}, Cornelia and Altschuler, David and Morris, Andrew D. and Boehnke, Michael and McCarthy, Mark I. and Froguel, Philippe and Palmer, Colin N. A. and Wareham, Nicholas J. and Groop, Leif and Frayling, Timothy M. and Cauchi, St{\'e}phane},
  editor = {Gibson, Greg},
  month = may,
  year = {2012},
  pages = {e1002741}
}

@article{saxena_genome-wide_2007,
  title = {Genome-{{Wide Association Analysis Identifies Loci}} for {{Type}} 2 {{Diabetes}} and {{Triglyceride Levels}}},
  volume = {316},
  issn = {0036-8075, 1095-9203},
  doi = {10.1126/science.1142358},
  language = {en},
  timestamp = {2017-06-07T09:05:34Z},
  number = {5829},
  urldate = {2017-06-07},
  journal = {Science},
  author = {Saxena, R. and {Diabetes Genetics Initiative of Broad Institute of Harvard and MIT, Lund University, and Novartis Institutes of BioMedical Research} and Voight, B. F. and Lyssenko, V. and Burtt, N. P. and {de Bakker}, P. I. W. and Chen, H. and Roix, J. J. and Kathiresan, S. and Hirschhorn, J. N. and Daly, M. J. and Hughes, T. E. and Groop, L. and Altshuler, D. and Almgren, P. and Florez, J. C. and Meyer, J. and Ardlie, K. and Bengtsson Bostrom, K. and Isomaa, B. and Lettre, G. and Lindblad, U. and Lyon, H. N. and Melander, O. and Newton-Cheh, C. and Nilsson, P. and Orho-Melander, M. and Rastam, L. and Speliotes, E. K. and Taskinen, M.-R. and Tuomi, T. and Guiducci, C. and Berglund, A. and Carlson, J. and Gianniny, L. and Hackett, R. and Hall, L. and Holmkvist, J. and Laurila, E. and Sjogren, M. and Sterner, M. and Surti, A. and Svensson, M. and Svensson, M. and Tewhey, R. and Blumenstiel, B. and Parkin, M. and DeFelice, M. and Barry, R. and Brodeur, W. and Camarata, J. and Chia, N. and Fava, M. and Gibbons, J. and Handsaker, B. and Healy, C. and Nguyen, K. and Gates, C. and Sougnez, C. and Gage, D. and Nizzari, M. and Gabriel, S. B. and Chirn, G.-W. and Ma, Q. and Parikh, H. and Richardson, D. and Ricke, D. and Purcell, S.},
  month = jun,
  year = {2007},
  pages = {1331--1336}
}

@comment{jabref-meta: databaseType:bibtex;}
@comment{jabref-meta: groupstree:
0 AllEntriesGroup:;
1 ExplicitGroup:Communications\;0\;;
1 ExplicitGroup:Data\;0\;;
1 ExplicitGroup:Divers\;0\;;
1 ExplicitGroup:Joint_models\;0\;;
1 ExplicitGroup:Livres\;0\;;
1 ExplicitGroup:Longitudinal Data Analysis in GWAS\;0\;;
1 ExplicitGroup:Output\;0\;;
2 ExplicitGroup:Review Paper\;0\;;
3 ExplicitGroup:Cross-Sectional VS Longitudinal\;0\;;
3 ExplicitGroup:Mixed Model Review\;0\;;
3 ExplicitGroup:Mixed Model Approaches\;0\;;
4 ExplicitGroup:GAW18\;0\;;
5 ExplicitGroup:Family structure\;0\;;
4 ExplicitGroup:GAW16\;0\;;
3 ExplicitGroup:Other Approaches\;0\;;
3 ExplicitGroup:Mixed Model Assumptions\;0\;;
3 ExplicitGroup:Intro\;0\;;
3 ExplicitGroup:Reference articles\;0\;;
2 ExplicitGroup:ANR2015\;0\;;
2 ExplicitGroup:ArticleJM2016\;0\;;
2 ExplicitGroup:IntroThesis\;0\;;
1 ExplicitGroup:Review Paper\;0\;;
2 ExplicitGroup:Cross-Sectional VS Longitudinal\;0\;;
2 ExplicitGroup:Mixed Model Review\;0\;;
2 ExplicitGroup:Mixed Model Approaches\;0\;;
3 ExplicitGroup:GAW18\;0\;;
4 ExplicitGroup:Family structure\;0\;;
3 ExplicitGroup:GAW16\;0\;;
2 ExplicitGroup:Other Approaches\;0\;;
2 ExplicitGroup:Mixed Model Assumptions\;0\;;
2 ExplicitGroup:Intro\;0\;;
2 ExplicitGroup:Reference articles\;0\;;
1 ExplicitGroup:Cross-Sectional VS Longitudinal\;0\;;
1 ExplicitGroup:Mixed Model Review\;0\;;
1 ExplicitGroup:Mixed Model Approaches\;0\;;
2 ExplicitGroup:GAW18\;0\;;
3 ExplicitGroup:Family structure\;0\;;
2 ExplicitGroup:GAW16\;0\;;
1 ExplicitGroup:GAW18\;0\;;
2 ExplicitGroup:Family structure\;0\;;
1 ExplicitGroup:Family structure\;0\;;
1 ExplicitGroup:GAW16\;0\;;
1 ExplicitGroup:Other Approaches\;0\;;
1 ExplicitGroup:Mixed Model Assumptions\;0\;;
1 ExplicitGroup:Intro\;0\;;
1 ExplicitGroup:Reference articles\;0\;;
1 ExplicitGroup:ANR2015\;0\;;
1 ExplicitGroup:ArticleJM2016\;0\;;
1 ExplicitGroup:IntroThesis\;0\;;
1 ExplicitGroup:Power for longitudinal data\;0\;;
1 ExplicitGroup:R packages\;0\;;
1 ExplicitGroup:Simulation\;0\;;
}

