@Manual{R-AgiMicroRna,
  title = {AgiMicroRna: Processing and Differential Expression Analysis of Agilent
microRNA chips},
  author = {Pedro Lopez-Romero},
  year = {2016},
  note = {R package version 2.24.0},
}
@Manual{R-JM,
  title = {JM: Joint Modeling of Longitudinal and Survival Data},
  author = {Dimitris Rizopoulos},
  year = {2016},
  note = {R package version 1.4-5},
  url = {https://CRAN.R-project.org/package=JM},
}
@Manual{R-JMbayes,
  title = {JMbayes: Joint Modeling of Longitudinal and Time-to-Event Data under a
Bayesian Approach},
  author = {Dimitris Rizopoulos},
  year = {2016},
  note = {R package version 0.8-0},
  url = {https://CRAN.R-project.org/package=JMbayes},
}
@Manual{R-joineR,
  title = {joineR: Joint Modelling of Repeated Measurements and Time-to-Event Data},
  author = {Pete Philipson and Ines Sousa and Peter J. Diggle and Paula Williamson and Ruwanthi Kolamunnage-Dona and Robin Henderson and Graeme L. Hickey},
  year = {2017},
  note = {R package version 1.2.0},
  url = {https://CRAN.R-project.org/package=joineR},
}
@Manual{R-limma,
  title = {limma: Linear Models for Microarray Data},
  author = {Gordon Smyth and Yifang Hu and Matthew Ritchie and Jeremy Silver and James Wettenhall and Davis McCarthy and Di Wu and Wei Shi and Belinda Phipson and Aaron Lun and Natalie Thorne and Alicia Oshlack and Carolyn {de Graaf} and Yunshun Chen and Mette Langaas and Egil Ferkingstad and Marcus Davy and Francois Pepin and Dongseok Choi},
  year = {2017},
  note = {R package version 3.30.13},
  url = {http://bioinf.wehi.edu.au/limma},
}
@Manual{R-mixOmics,
  title = {mixOmics: Omics Data Integration Project},
  author = {Kim-Anh {Le Cao} and Florian Rohart and Ignacio Gonzalez and Sebastien Dejean with key contributors Benoit Gautier and Francois Bartolo and contributions from Pierre Monget and Jeff Coquery and FangZou Yao and Benoit Liquet.},
  year = {2017},
  note = {R package version 6.1.3},
  url = {https://CRAN.R-project.org/package=mixOmics},
}
@Manual{R-RGCCA,
  title = {RGCCA: Regularized and Sparse Generalized Canonical Correlation
Analysis for Multiblock Data},
  author = {Arthur Tenenhaus and Vincent Guillemot},
  year = {2017},
  note = {R package version 2.1.2},
  url = {https://CRAN.R-project.org/package=RGCCA},
}
@Manual{R-shiny,
  title = {shiny: Web Application Framework for R},
  author = {Winston Chang and Joe Cheng and JJ Allaire and Yihui Xie and Jonathan McPherson},
  year = {2017},
  note = {R package version 1.0.3},
  url = {https://CRAN.R-project.org/package=shiny},
}
